4542 5500
718 631 781 701 452
1031 617 1406 682 eororiirrouur

555 723 689 782 ΕΞ·-

722 785 825 854 Vrsrni
839 793 997 869 receptum
1010 779 1079 864 est.]
1122 779 1184 848 Sed
1199 785 1298 868 nugis
1312 781 1430 868 plucet,
1457 789 1494 845 ut
1508 781 1591 865 opud
1606 780 1722 848 Livium

722 890 914 958 Arachthum
928 891 1088 968 scribatur,
1109 892 1161 974 qui
1182 889 1226 954 est
1250 909 1362 954 uuuse
1386 899 1518 974 quatuor
1533 885 1723 952 nobiliffirnic

722 1001 810 1085 Epiri
824 999 947 1074 fluviis,
968 1008 1003 1061 ut
1017 996 1060 1061 cst
1074 999 1154 1080 apud
1172 997 1371 1070 Strabonem,
1400 996 1605 1060 Ptolemaeum
1620 991 1655 1058 dc
1670 991 1724 1056 Pli-

723 1107 827 1172 nium:
849 1106 1022 1187 eodemque
1037 1106 1141 1192 ruodo
1162 1103 1311 1185 Polybius
1333 1103 1536 1187 corrigendus
1558 1101 1662 1165 erit!
1682 1125 1725 1146 ·-

725 1211 816 1278 Plura
845 1213 960 1275 dubunt
979 1204 1087 1274 Critici
1109 1211 1147 1273 ud
1182 1210 1246 1274 Liv.
1263 1207 1448 1276 xxxviii.
1470 1207 1630 1316 33115in
1653 1205 1723 1274 edit.
1746 1159 1758 1756 Ι

724 1317 879 1383 Drakeub.
1155 1327 1170 1358 ⁰

568 1427 683 1494 vetio.
790 1421 876 1508 Vers.
896 1420 928 1488 6.
956 1416 1102 1503 οἷποοοτᾷο.
1141 1420 1286 1485 Mendose
1306 1415 1426 1504 οἷποιτᾷν
1447 1419 1520 1486 Buv.
1542 1439 1602 1508 pro
1629 1437 1721 1498 more.

594 1552 596 1558 ·
726 1531 801 1596 Mox
818 1533 899 1593 idem
912 1525 1023 1611 replet,
1043 1548 1100 1613 pro
1113 1520 1237 1615 τεροῇοο.

585 1625 660 1686 Μ·
673 1638 699 1694 7·
792 1636 826 1700 V
824 1633 916 1720 ersxp.
937 1631 1090 1720 Σοβήρτοο
1104 1627 1334 1719 τοῧΠετροίτοο.
1343 1633 1394 1699 Sic
1404 1635 1472 1699 edd.
1482 1652 1554 1697 cum
1562 1631 1723 1695 mustis.-

728 1762 929 1810 uzisxrvs:
951 1743 1123 1818 „Neutrum
1138 1762 1267 1816 nomen‚-
1284 1742 1335 1816 uit,
1360 1739 1464 1805 Graeci
1477 1741 1613 1803 formum
1626 1736 1721 1801 hebet.

730 1849 838 1915 Saltim
851 1842 1004 1933 Σοβῦρτοο
1018 1847 1323 1931 effeuutBobyrtum
1338 1849 1470 1912 vidimus
1482 1866 1511 1931 p.
1520 1852 1596 1926 380.
1605 1837 1722 1928 [ill-4]

730 1953 790 2020 Sed
811 1955 919 2036 procul
939 1957 1034 2019 dubio
1056 1956 1224 2039 legendum
1251 1955 1296 2018 est
1313 1950 1467 2031 Σομοίτοο.
1515 1951 1670 2016 »Simulus
1683 1947 1724 2012 est

731 2079 871 2145 graecum
887 2082 999 2125 nornen
1013 2050 1218 2146 perufitutunr.
1259 2061 1283 2142 β
1296 2058 1328 2125 dc
1342 2085 1366 2139 μ
1380 2061 1459 2145 suepe
1474 2059 1639 2124 alibcuriis
1651 2059 1726 2122 nter

731 2166 763 2231 se
777 2179 1005 2250 permutantur,
1027 2178 1062 2231 ut
1074 2180 1182 2231 notum
1196 2168 1254 2245 est,
1275 2169 1315 2233 ob
1328 2164 1476 2233 dustuurn
1490 2163 1724 2230 limilitndinen·

732 2273 813 2338 Nam
827 2275 852 2354 β
868 2275 898 2337 in
916 2274 1006 2337 codd.
1019 2273 1132 2357 graech
1147 2288 1180 2338 ut
1196 2295 1216 2337 u
1230 2276 1358 2338 latinum
1371 2285 1529 2348 exaratur,
1557 2273 1612 2336 cui
1631 2257 1725 2370 Μ·

734 2379 821 2462 gitur
832 2379 995 2462 penicillus
1010 2384 1047 2443 ad
1062 2382 1194 2464 primurn
1209 2401 1295 2458 crus,
1318 2381 1362 2446 est
1376 2403 1409 2445 οι.
1450 2377 1572 2443 Deinde
1585 2379 1675 2464 supro
1686 2373 1727 2439 vl·

732 2485 835 2548 dimus
849 2503 879 2569 p.
892 2504 989 2562 1122,
1006 2484 1058 2578 36.
1080 2482 1168 2569 [vide
1182 2489 1301 2552 Adnot.
1316 2491 1353 2551 ud
1372 2485 1461 2551 xxl.
1475 2503 1577 2563 2,·10.
1598 2487 1654 2552 ubi
1670 2479 1726 2569 ὅρο-

732 2585 824 2669 μένου
839 2594 937 2656 codex
950 2590 1051 2661 Vrsini
1069 2613 1125 2676 pro
1139 2590 1272 2667 οἰομένου
1286 2594 1393 2679 habet]
1412 2596 1546 2665 codicis,
1574 2611 1641 2676 quo
1653 2589 1728 2656 vru-

732 2718 792 2764 nus
809 2698 878 2764 ulus
893 2699 952 2779 est,
978 2701 1141 2785 Polybiani
1161 2701 1284 2765 librario
1305 2703 1334 2765 in
1357 2703 1411 2767 usu
1433 2699 1538 2781 fuisse,
1560 2709 1598 2767 ut
1615 2722 1628 2763 ο
1645 2695 1731 2765 finili

733 2823 826 2890 paene
846 2809 941 2871 rnodo
971 2820 1063 2889 utque
1083 2822 1269 2891 perureret.
1330 2808 1468 2874 Tandem
1490 2829 1547 2890 pro
1571 2799 1733 2891 l'lrrpriroo

736 2913 866 2994 corrigit
878 2911 1058 2978 Gronovius
1072 2917 1108 2976 ud
1123 2935 1156 2997 p.
1170 2932 1241 2999 509.
1264 2914 1319 2998 [V.
1338 2914 1451 3001 17‚6.]
1471 2906 1657 2997 nendo?
1672 2940 1712 2959 ·-

798 3019 877 3084 Ibid.
894 3013 933 3091 εἰς
948 3013 1116 3104 Χοίροδρον.
1139 3051 1183 3069 -
1225 3064 1244 3099 ,‚
1253 3021 1439 3101 Videndum,
1459 3047 1496 3087 an
1508 3014 1676 3105 Χάραδρον
1689 3040 1735 3084 re·

738 3120 819 3189 fiius
840 3125 890 3201 fit,
920 3127 1115 3207 Peloponnesi
1136 3130 1263 3206 urbem,
1286 3140 1320 3193 ut
1339 3130 1430 3194 habet
1451 3128 1600 3193 Strabo.“
1630 3146 1734 3193 vus!-

737 3248 818 3294 πονε.
836 3260 880 3281 -
921 3232 981 3310 „ln
1004 3233 1137 3297 Phocide
1157 3236 1279 3317 reperio
1302 3239 1450 3320 oppidum
1471 3231 1681 3311 cunarum,
1702 3236 1736 3297 iu

737 3333 835 3418 Epiro
863 3358 963 3421 neque
984 3336 1200 3418 Charadrum,
1230 3362 1330 3425 neque
1359 3340 1609 3405 Cluroudrum.“
1636 3356 1738 3407 utro·

739 3458 843 3507 urvo.
865 3475 908 3490 ·-
952 3444 1031 3508 Vide
1044 3444 1101 3509 lV.
1115 3444 1174 3528 63,
1185 3458 1215 3528 4.·
1233 3445 1265 3511 dr
1277 3468 1347 3532 quae
1361 3446 1404 3511 ibi
1419 3448 1608 3513 notavimus.

599 3531 672 3594 Μ
685 3539 711 3596 ⁸·
806 3546 888 3627 Vers.
907 3555 935 3625 8.
955 3545 994 3622 eiu
1010 3547 1172 3633 Βοοχετᾶν.
1191 3554 1240 3617 Sic
1256 3554 1343 3619 Bau·
1367 3552 1412 3617 Et
1434 3573 1611 3628 vrrsrrrvrx,
1631 3560 1737 3642 qumi
1760 3600 1763 3607 ·

740 3672 832 3738 quum
845 3654 875 3717 in
893 3670 1040 3735 contextu
1055 3661 1122 3742 ejus
1135 3654 1284 3722 Βοολετόν
1298 3661 1342 3725 cst
1360 3663 1493 3738 editum,
1523 3663 1556 3725 in
1578 3662 1675 3729 Notis
1692 3676 1735 3729 tu·

740 3778 812 3822 rnen
832 3764 923 3825 verbu
942 3764 1011 3829 haec
1031 3768 1074 3829 itu
1092 3767 1221 3849 repetit,
1246 3766 1329 3849 quusi
1347 3762 1387 3839 οἷς
1401 3763 1557 3848 Βοέχετοο
1577 3768 1735 3835 eil'et-icri·

740 3877 839 3947 pnrm.
882 3869 997 3951 Adjicit
1015 3884 1117 3936 autern
1126 3892 1184 3969 ομ,
1193 3872 1296 3938 Placet
1319 3871 1513 3956 Βοοχοάτοον.
1532 3888 1570 3942 ut
1587 3876 1633 3943 est
1655 3874 1735 3963 apud

739 3969 938 4050 Strabonem,
967 3972 1106 4062 Ἠπείρου
1125 3973 1250 4045 πόλιν.“
1284 4014 1324 4033 ··
1369 3981 1451 4051 Vide
1474 3982 1573 4049 seran.
1593 3984 1646 4049 lib.
1666 3980 1735 4051 Vll.

737 4095 771 4159 p.
782 4096 852 4160 324.
886 4080 995 4166 Neque
1017 4100 1120 4150 tamen
1139 4089 1256 4152 idcirco
1277 4091 1481 4155 damnandum
1499 4086 1674 4169 Βοοχοτδν,
1701 4102 1736 4155 ut

739 4183 897 4265 perspeste
911 4187 1054 4255 Reiskius
1069 4197 1206 4272 monuit,
1228 4199 1264 4259 ud
1280 4193 1403 4263 Suidurn
1419 4218 1608 4281 provocnnS,
1633 4220 1653 4261 ι
1673 4216 1734 4282 quo

742 4288 886 4355 discimus
900 4296 1009 4376 plurali
1023 4301 1116 4363 etiam
1137 4302 1275 4366 numero‘
1289 4297 1329 4367 rol
1351 4298 1495 4384 Βοοχεοοὶ
1517 4302 1634 4369 disturu
1650 4302 1735 4369 fuisse

743 4394 817 4457 illud
833 4397 919 4481 Epiri
941 4406 1098 4486 oppidum.
1142 4409 1188 4471 Ex
1209 4411 1453 4497 Harpocratioue
1473 4411 1525 4478 suu
1542 4410 1673 4479 sunuue
1694 4411 1737 4477 ibi

742 4498 884 4584 scidam,
904 4512 1026 4576 monuit
1038 4508 1197 4585 Kiisterus.

1658 4566 1744 4710 res}
