4542 5500
618 597 642 647 ι
901 663 910 684 ,.
932 572 1076 667 vmc.
1116 573 1377 662 onsorour
1497 651 1501 657 ,

621 771 1665 873 *quaereaaaeaeeerefflae

728 1044 1130 1178 urticarum
1187 1043 1524 1138 oasouonr

580 1267 584 1275 ·
615 1241 678 1316 Ao
702 1243 941 1325 unorum,
975 1244 1261 1315 nincurouau
1281 1243 1668 1313 autumniautum-

616 1373 698 1443 srm
722 1393 801 1440 m.
836 1372 1044 1446 austum
1076 1358 1668 1453 nvncvpnroam,mrr10m

608 1484 613 1496 “
687 1500 963 1577 nnoeuoausr
988 1502 1185 1581 vaQva
1208 1499 1396 1569 rnromm
1423 1501 1592 1571 rorum

879 1629 1095 1701 munorum
1117 1622 1360 1697 anianum.
1383 1627 1413 1711 υ)
1446 1681 1449 1700 .
1587 1627 1615 1677 .·

615 1861 771 2035 Multa
788 1855 884 1960 sunt,
905 1863 1028 1960 Georgi
1043 1864 1194 1959 Prinoeps
1213 1858 1438 1944 Ifl'ustriffime,
1471 1884 1541 1960 quae
1562 1862 1666 1933 vitam
1698 1869 1700 1874 ’

650 2037 652 2042 ,
729 1963 921 2058 mortalium
940 1960 1342 2064 emendmt&eu1diunt.
1395 1967 1666 2064 Cumprimis'ta·

616 2068 694 2141 men
717 2065 794 2144 duas
815 2095 863 2140 res
883 2059 945 2143 esse
957 2063 1053 2142 tradit
1071 2066 1242 2161 Polybius,
1266 2072 1294 2159 c)
1338 2068 1456 2169 quibus
1478 2061 1608 2168 quisque
1629 2071 1666 2140 iu

503 2169 508 2176 ’
616 2170 730 2245 melius
745 2169 838 2246 sacile
851 2176 971 2272 mutari¹
981 2169 1102 2272 potest,
1125 2197 1264 2272 quarum
1275 2197 1342 2243 una
1363 2169 1409 2244 est
1420 2174 1546 2272 proprii
1561 2161 1664 2261 cujus·

615 2301 679 2378 que
702 2273 867 2349 infortunii
891 2279 1178 2374 experimentum,
1210 2275 1306 2347 altera
1332 2274 1442 2348 alienae
1471 2273 1663 2346 calamitatis

614 2379 812 2479 exemplmn.
863 2383 990 2451 Harum
1011 2373 1164 2479 equidem
1185 2383 1329 2478 priorem
1349 2401 1449 2451 nemo
1470 2377 1665 2452 inficiabitur

614 2484 739 2569 multo,
763 2507 863 2583 quam
875 2477 1066 2566 secundun,
1091 2477 1133 2555 ad
1151 2479 1339 2569 docendum
1353 2475 1416 2555 etse
1434 2480 1663 2555 efficaciorem.

614 2582 902 2662 Verumhaecfine
917 2577 1112 2659 detrimento
1131 2590 1218 2678 ejus,
1256 2591 1308 2660 cui
1329 2580 1465 2670 accidit,
1502 2580 1663 2685 sapientiae
1693 2658 1703 2671 ,

577 2681 582 2690 ⁴
614 2689 765 2789 magistra
778 2684 840 2763 esse
853 2716 922 2764 non
937 2688 1050 2789 potest.
1092 2685 1158 2762 Sed
1174 2694 1264 2764 enim
1276 2685 1427 2791 sapientia
1440 2715 1512 2791 quae
1532 2687 1662 2763 calami-

614 2795 690 2872 tosis
702 2799 927 2894 experimentis
940 2788 1144 2895 perdiscitur,
1173 2815 1209 2866 ut
1228 2800 1332 2868 nimio
1352 2793 1492 2878 constat,
1515 2798 1558 2867 ita
1580 2788 1663 2866 sern-

614 2926 674 3002 per
694 2897 773 2971 dura
791 2904 827 2970 dt
848 2899 961 2971 acerba
982 2893 1164 2973 mdimenta
1185 2893 1318 2970 discenti
1339 2900 1477 2970 exhibet
1544 2900 1663 2996 Neque

614 3028 692 3077 vero
712 2998 896 3074 admodum
914 2998 1051 3074 feliciter
1075 2995 1173 3100 sapit,
1208 3007 1264 3102 qui
1283 3012 1417 3100 accepto
1435 2999 1523 3075 malo
1538 3001 1660 3094 (veluti

612 3105 728 3181 stultos
749 3101 902 3205 sapientes
922 3105 993 3178 fieri
1013 3103 1165 3177 testantur
1206 3106 1374 3194 roverbia)
1393 3109 1538 3206 primum
1552 3096 1662 3204 sapere
1708 3128 1712 3157 ·

611 3215 736 3309 incipit.
788 3211 957 3317 Ceterum·
965 3203 1121 3292 secunda,
1150 3131 1207 3280 etsi
1229 3235 1298 3283 non
1313 3227 1438 3283 tantum
1452 3213 1485 3281 in
1507 3204 1662 3281 docendo

612 3315 709 3393 habet
727 3317 862 3397 virium,
910 3316 975 3385 hoc
995 3330 1104 3383 tamen
1123 3317 1259 3387 nomine
1286 3317 1397 3411 potior
1423 3307 1571 3385 habenda
1596 3310 1662 3398 est,

612 3412 704 3520 quod
725 3421 759 3489 ἀ
780 3419 872 3487 omni
893 3411 1087 3486 detrimento
1107 3436 1229 3503 careat,
1267 3420 1302 3488 ἀ
1321 3434 1389 3488 tuta
1403 3411 1593 3513 colligenda:
1614 3410 1661 3486 sa·

611 3523 741 3624 pientiae
763 3541 920 3618 praecepta
934 3514 1037 3595 tradat
1055 3520 1216 3592 omnibus.
1276 3516 1357 3593 Inde
1372 3537 1499 3620 quoque
1519 3517 1589 3590 fieri
1614 3523 1659 3592 vi·

613 3620 748 3708 demus,
774 3646 809 3694 ur
845 3626 965 3692 riorem
982 3618 1115 3722 quidem
1132 3614 1276 3722 sapiendi
1295 3618 1457 3706 modum,
1490 3600 1661 3707 nemo³fit,

613 3733 667 3841 qui
684 3723 796 3826 sponte
810 3650 1017 3810 discendum,
1042 3744 1099 3799 aut
1111 3720 1346 3826 experiendmn
1356 3725 1463 3824 eligat,
1511 3745 1661 3825 ropterea

612 3829 701 3935 quod
714 3826 829 3930 absque
845 3832 1025 3913 acerbitate,
1047 3826 1175 3914 dolore,
1198 3835 1234 3902 dt
1247 3829 1394 3931 periculis
1407 3751 1551 3929 accidere
1566 3846 1661 3928 queat

611 3938 745 4011 nemini.
799 3938 879 4033 Qis
891 3936 979 4005 enim
995 3956 1064 4007 non
1078 3932 1170 4007 malit
1180 3953 1268 4020 turo,
1290 3952 1387 4036 quam
1399 3926 1593 4031 periculose,
1614 3926 1660 4003 sa·

612 4035 722 4143 piendi
740 4042 897 4115 rationem
912 4033 1023 4111 investi
1050 4043 1124 4111 are?
1158 4042 1238 4140 Qis
1257 4063 1325 4111 non
1340 4054 1531 4138 praeoptaret
1551 4039 1659 4134 potius

523 4142 532 4169 '
613 4135 865 4217 alteriusdolore
877 4134 997 4211 discere
1011 4062 1069 4213 tio
1087 4167 1194 4215 carere
1211 4137 1420 4242 possequam
1434 4138 1501 4210 asiis
1516 4134 1659 4237 sapiendi

613 4242 850 4326 documentum
873 4245 1049 4327 extuberei
1081 4247 1181 4319 Hunc
1207 4270 1307 4331 ver0,
1330 4249 1394 4316 hoc
1412 4239 1458 4315 est
1480 4238 1661 4314 secundum

1538 4370 1661 4444 cogno·

647 4530 930 4669 &dimissam
940 4526 1203 4588 videnostrtml’raef.
1221 4534 1254 4593 T.
1264 4510 1290 4592 1,
1304 4532 1362 4603 pt.
1377 4528 1662 4601 p.14sqq.&p.34sq.

705 4621 713 4654 l
734 4641 740 4653 .
762 4639 770 4656 .
797 4630 806 4655 e
847 4633 858 4655 ο
1654 4646 1657 4650 ,
