4542 5500
665 632 761 685 vrrr
807 615 812 622 '
919 701 922 710 Ι
988 590 1385 700 ,ΝΙΟᾋΡΕΚΟΤΤῙ
1433 558 1434 561 ¹

631 874 633 877 ,
670 817 708 871 ut
721 798 802 868 mihi
814 790 959 866 videatur
972 819 1040 865 uno
1057 798 1091 864 in
1102 819 1202 894 opere
1216 793 1367 886 Polybius
1381 800 1415 866 ὅ(
1431 790 1576 867 suminus
1590 794 1716 869 histori-

671 929 748 984 cus,
777 904 813 971 ἀ
828 918 937 969 orator
950 902 1130 984 maximus,
1156 903 1192 969 ὅ(
1212 904 1355 997 optimus
1373 894 1583 997 philosophus
1604 894 1717 972 soille:

636 993 646 1006 ⁸
668 1004 855 1109 postremo,
883 999 973 1114 quod
990 1026 1058 1072 non
1074 993 1280 1073 mediocrem¹
1295 1027 1349 1072 me
1364 998 1450 1099 apud
1470 1000 1595 1073 nollros
1609 1008 1718 1076 homi·

671 1136 728 1198 nes
742 1107 882 1204 gloriam
904 1100 1156 1188 consecuturum
1177 1101 1364 1205 sperabam,
1389 1103 1507 1177 struea
1528 1130 1626 1203 opera
1648 1128 1720 1182 tam

672 1211 846 1314 praelarus
860 1212 953 1282 autor
966 1208 1007 1281 ei‘r
1019 1203 1211 1308 peregrino,
1238 1205 1414 1310 aliquando
1431 1212 1602 1281 Romanus
1614 1206 1718 1285 fastus
1735 1258 1744 1279 t

671 1310 759 1404 effer,
780 1325 815 1386 dt
829 1308 942 1384 omissa
954 1313 1064 1411 gentili
1078 1312 1202 1411 lingua,
1216 1316 1326 1389 Latine
1339 1312 1430 1412 loqui
1445 1307 1610 1384 didicisset.
1627 1328 1632 1336 '
1653 1322 1719 1389 Ve·

670 1447 747 1494 rum
769 1438 879 1503 tamen
899 1443 1035 1489 ornnem
1055 1421 1139 1501 hanc
1161 1442 1269 1489 meam
1291 1416 1511 1514 voluptatem,
1542 1435 1635 1517 atque
1654 1424 1721 1493 hoc

673 1550 774 1598 omne
788 1517 956 1607 solatium,
965 1534 1051 1595 'rion'
1059 1527 1176 1619 parurn
1189 1516 1231 1591 ad
1245 1540 1428 1592 extremum
1443 1521 1646 1592 conturbavit
1658 1529 1722 1594 im·

672 1623 831 1729 persedio
844 1632 971 1723 operis,
991 1620 1083 1725 quod
1100 1627 1144 1696 'ex
1157 1620 1367 1725 quadraginta
1378 1625 1422 1704 ,ab
1441 1625 1499 1696 illo
1520 1620 1612 1695 editis
1629 1626 1722 1699 volu·
1761 1637 1764 1646 '

672 1732 834 1823 minibus,
859 1738 912 1800 vix
930 1734 1070 1830 quinque
1085 1733 1191 1827 prima
1212 1730 1305 1799 nobis
1325 1723 1507 1826 supersunt,
1539 1747 1638 1834 atque
1652 1736 1722 1803 haec

674 1830 811 1938 quidem
826 1829 867 1903 ad
885 1829 1075 1932 adparatum
1092 1837 1289 1918 'caeterorum
1309 1826 1440 1930 scripta:
1475 1853 1511 1903 ut
1533 1837 1613 1904 mihl
1636 1855 1723 1906 certe
1739 1921 1743 1928 Ι

674 1934 823 2013 videatur
842 1934 931 2035 quali
952 1934 992 2007 de
1008 1932 1179 2022 indullria,
1213 1941 1308 2028 hujus
1324 1940 1443 2014 autoris
1463 1932 1569 2007 sermo
1587 1942 1724 2009 interru-

674 2063 768 2148 ptus,
806 2035 888 2114 dum
905 2061 1108 2139 comparata,
1142 2040 1239 2112 veluti
1257 2037 1401 2141 quodam
1413 2037 1568 2123 exordio,
1596 2036 1724 2112 audito-

675 2174 752 2237 rum
767 2143 1007 2230 benevolentia,
1027 2166 1122 2245 atque
1144 2151 1295 2215 omnium
1309 2144 1435 2215 auribus
1454 2141 1512 2215 fibi
1532 2144 1724 2227 conciliatis,

675 2278 748 2323 rem
764 2246 864 2345 ipsam
881 2241 1080 2348 aggressurus
1094 2267 1171 2332 erat,
1195 2244 1235 2319 de
1249 2275 1312 2348 qua
1325 2247 1486 2345 agebatur.¹
1530 2252 1561 2319 Ο
1578 2273 1726 2352 gravem,

674 2350 957 2450 detestabilernque
972 2353 1146 2444 jaduram,
1174 2375 1195 2422 o
1217 2344 1348 2423 cladem
1372 2375 1412 2420 eo
1429 2356 1535 2448 magis
1551 2353 1592 2423 ab
1618 2357 1766 2450 omni-2,

676 2460 738 2531 bus
752 2452 1005 2552 deplorandam,
1041 2483 1107 2556 quo
1122 2481 1222 2527 nemo
1236 2481 1305 2528 non
1318 2450 1423 2525 modo
1440 2480 1481 2526 ex
1499 2458 1636 2540 Graccis,
1672 2481 1727 2527 ve-

676 2587 753 2634 rum
768 2563 918 2632 etiamen
933 2563 1051 2630 Latinis
1061 2557 1217 2631 historicis
1230 2561 1458 2630 Romanorum
1471 2584 1520 2632 res
1533 2558 1647 2656 gestas,
1673 2557 1730 2631 vel

677 2670 804 2745 verius,
828 2662 880 2733 vel
897 2661 1075 2763 copiosius,
1102 2662 1153 2734 vel
1173 2668 1287 2755 majori
1302 2688 1380 2734 curn
1402 2657 1568 2760 diligentia
1582 2662 1728 2764 comple·

649 2796 652 2803 ’
677 2797 739 2844 xus
755 2765 817 2838 est:
844 2761 965 2866 scripsit
978 2774 1077 2852 enim,
1100 2787 1136 2838 ut
1152 2763 1248 2839 facile
1262 2793 1302 2838 ex
1315 2771 1364 2840 his
1379 2769 1519 2866 quinque
1533 2766 1622 2839 libris
1636 2767 1728 2839 intel-

677 2874 739 2972 ligi
753 2867 872 2969 potell,
897 2896 1092 2972 quaeeunrue
1111 2873 1306 2944 aRomanr's
1326 2866 1398 2941 sunt
1412 2869 1516 2968 gella,
1542 2899 1560 2942 a
1579 2891 1730 2971 tempore

676 3002 745 3080 quo
767 2978 913 3072 primunr
935 2900 1106 3046 extendere
1135 3001 1251 3046 manus
1272 2993 1361 3046 extra
1389 2976 1518 3046 Latium
1540 2995 1730 3076 coeperunt,

677 3073 843 3182 quousque
856 3084 953 3150 totius
973 3079 1059 3149 orbis
1077 3082 1251 3180 imperium
1268 3074 1376 3178 adepti
1387 3074 1505 3157 ‚fueret
1543 3097 1640 3179 atque
1660 3076 1731 3150 hae'c

677 3190 721 3256 ita
737 3179 876 3277 scripsit,
901 3201 936 3253 ut
949 3185 1053 3252 Latini
1066 3176 1133 3253 fere
1147 3208 1261 3254 omnes
1276 3209 1352 3254 eum
1374 3178 1525 3279 deinceps
1539 3180 1600 3254 smt
1613 3178 1731 3254 secuti:

677 3302 773 3370 na'rn,
806 3305 842 3356 ut
865 3282 906 3356 de
930 3285 1059 3383 reliquis
1078 3304 1220 3372 taceam,
1249 3281 1510 3358 manifestissimis
1530 3291 1731 3385 argumentis

678 3385 876 3490 deprehendi
892 3386 1012 3485 potell,
1034 3390 1155 3459 Titum
1177 3383 1305 3461 Livium
1326 3393 1533 3475 Patauinum,
1562 3390 1731 3462 hillorico·

677 3521 754 3566 rum
770 3490 856 3594 apud
870 3497 999 3562 Latinos
1015 3496 1214 3589 principem,
1230 3498 1317 3563 hunc
1331 3497 1449 3589 potius,
1474 3520 1573 3592 quam
1594 3495 1733 3565 Fabium

678 3601 853 3680 Pidlorem,
864 3613 934 3693 ,aut
948 3589 1107 3678 Pisonem,
1128 3622 1209 3695 quos
1223 3591 1288 3695 ipse
1306 3616 1478 3681 memorat,
1495 3592 1638 3669 secutum
1652 3591 1732 3669 fuis

678 3697 729 3773 se:
756 3707 875 3800 quippe
893 3706 933 3770 dc
945 3704 979 3766 in
994 3701 1053 3780 his,
1080 3703 1114 3768 in
1127 3701 1243 3799 quibus
1256 3697 1409 3790 Polybius
1426 3699 1500 3771 illos
1515 3698 1732 3800 reprehendit,

653 3863 658 3873 ,
678 3804 806 3897 Polybii
823 3798 1011 3872 sententiam
1024 3796 1112 3872 baud
1130 3798 1263 3874 obscure
1278 3797 1439 3902 sequitur,
1463 3809 1497 3877 ὅ(
1523 3811 1565 3875 ita
1580 3831 1732 3876 nonnun-

679 3935 779 4008 quam
794 3906 877 3977 illius
898 3903 1037 4000 velligirs
1059 3909 1207 3992 inhaeret,
1239 3926 1275 3981 ut
1298 3910 1380 3977 mihi
1401 3904 1537 4006 quidem
1556 3905 1734 4007 vigesimus

681 4016 808 4112 primus
819 4009 900 4079 liber
914 4011 1017 4089 Livii,
1043 4035 1083 4080 ex
1101 4014 1195 4081 tertio
1211 4009 1338 4099 Polybii
1354 4008 1437 4082 libro
1450 4009 1517 4084 sere
1531 4009 1573 4084 ad
1593 4013 1734 4084 verbum

679 4110 854 4186 translatus
869 4106 931 4182 elle
943 4106 1105 4183 videatur:
1125 4141 1161 4183 ac
1176 4112 1255 4185 nihil
1267 4109 1340 4195 sane
1356 4118 1506 4187 intereos
1520 4109 1736 4205 intereh,nih

680 4214 768 4317 quod
785 4219 894 4287 Livius
908 4215 1069 4313 aliquanto
1092 4218 1219 4289 brevius
1235 4242 1283 4288 res
1311 4215 1413 4313 gellas
1431 4216 1546 4304 refert,
1580 4218 1735 4311 Polybius

681 4315 841 4395 diffusius.
894 4321 1003 4389 Livius
1018 4340 1183 4419 portenta,
1208 4349 1244 4393 ac
1264 4317 1416 4420 prodigia
1431 4323 1582 4424 plurima,
1608 4328 1643 4394 ὅ(
1664 4348 1736 4392 ora·

682 4423 781 4531 suh,
811 4419 1187 4533 scribones-Demus·
1200 4447 1469 4534 ⁵corrnnernorat:
1502 4425 1664 4521 Polybius
1687 4427 1737 4494 his

1629 4553 1739 4613 lells
