4542 5500
658 535 746 646 ω’
832 633 894 670 .,
956 578 1099 654 vinc.
1137 531 1431 694 orsororr·
1519 546 1524 554 ’

658 770 690 841 ἐν
707 758 852 867 βίβλοις
870 760 920 862 μ’
984 736 1163 869 inlexerat
1187 756 1220 844 l}
1241 765 1316 846 dei
1335 770 1402 858 ciis
1423 771 1538 870 φυγῆς
1559 739 1706 871 Κλεοοοέ-

658 899 729 945 tour
743 876 806 942 &c
822 907 861 938 ι»
876 875 957 971 Qis
969 898 1046 946 vero
1059 872 1149 946 siccis
1168 873 1272 948 oculis
1293 895 1342 948 tot
1359 876 1708 960 tantorum-librorum

656 970 843 1051 cladem&
862 978 1018 1067 jacturam
1032 976 1136 1077 potell
1157 972 1271 1051 saltem
1287 978 1445 1053 reminisci
1465 986 1586 1054 animo.
1638 985 1706 1056 Ne·

680 1104 720 1149 ue
733 1098 860 1150 tanturn
877 1075 1176 1180 interiitingenium
1189 1089 1225 1172 oe
1237 1083 1332 1156 labor
1346 1092 1563 1186 nequicquam
1584 1090 1706 1160 exhau-

646 1106 720 1254 λος
736 1184 884 1278 Polybii,
906 1203 1021 1257 verum
1035 1190 1213 1260 innumerae
1223 1207 1335 1286 gentes
1349 1191 1383 1261 ’ἀ
1396 1190 1526 1289 populi,
1546 1190 1704 1288 ampliss'q·

654 1314 710 1360 ma
727 1295 845 1386 regna,
866 1286 1078 1386 potentiffirni
1092 1293 1199 1392 Reges
1213 1298 1248 1364 ὅ(
1263 1294 1426 1392 Principes
1440 1322 1458 1365 e
1471 1299 1631 1369 memoria
1645 1299 1704 1369 ho-

653 1396 784 1481 minum
804 1391 913 1468 aboliti
935 1398 970 1463 &
987 1399 1190 1466 ertenniuati
1213 1422 1278 1467 una
1298 1402 1473 1493 perierunt.¹
1521 1393 1626 1473 ’Arnai
1650 1392 1703 1475 τοὶ

652 1494 713 1594 μὲν
733 1489 983 1595 προτετῦχθοη
1004 1493 1146 1594 ἐάσομεν
1160 1495 1348 1595 ἀχνύμενοί
1357 1529 1439 1601 περ..
1487 1504 1576 1573 Nam
1590 1497 1631 1574 de
1650 1507 1701 1576 hie

652 1599 757 1672 multa
775 1626 908 1700 quoque
921 1605 958 1672 in
968 1596 1022 1672 sua
1037 1601 1182 1701 Epillola
1199 1607 1356 1690 Perottus,
1364 1608 1553 1705 Sipontinus
1567 1601 1700 1706 Episco-

650 1729 731 1806 μω,
755 1707 850 1798 huius
865 1709 1041 1805 interpres,
1063 1727 1314 1779 commemorat.
1553 1797 1558 1804 ἡ

652 1838 658 1849 ’
727 1832 891 1901 Caeterum
910 1839 989 1902 c'um
1008 1856 1114 1930 nuper
1134 1828 1223 1904 felici
1244 1826 1390 1931 quadarn
1408 1826 1565 1916 fortuna,
1601 1851 1699 1931 atque

548 2007 552 2011 ,
651 1929 826 2033 equidem,
857 1956 893 2006 ut
907 1939 1044 2035 opinor,
1079 1939 1148 2007 non
1161 1933 1227 2006 line
1242 1956 1370 2020 mente,
1395 1961 1464 2007 non
1478 1934 1545 2007 line
1559 1942 1697 2008 nurnine

652 2032 778 2122 divirm,
789 2059 888 2136 opera
904 2036 1095 2111 omatiffnni
1109 2043 1170 2111 viri
1185 2040 1295 2111 iacobi
1312 2042 1441 2111 Ottonis
1454 2035 1697 2126 Aueniens-

649 2136 759 2215 sarum
773 2148 909 2213 oratoris
930 2147 1064 2242 optimi,
1091 2142 1220 2234 Polybii
1241 2142 1383 2244 reliquia
1403 2167 1534 2240 graeca,
1560 2139 1603 2213 ad
1625 2170 1695 2214 rna·

649 2252 711 2319 nus
731 2260 820 2319 tn'eas
841 2229 1073 2345 perveniffent,
1105 2246 1204 2318 exilui
1224 2241 1297 2319 sane
1316 2241 1458 2346 gaudi0,
1491 2246 1545 2318 vel
1560 2246 1696 2344 gullutn

648 2350 795 2450 aliquem
806 2355 887 2421 tanti
906 2353 1048 2423 authoris
1068 2346 1177 2422 adhuc
1195 2344 1353 2449 superelse
1366 2355 1401 2422 in
1414 2375 1453 2421 ea
1465 2349 1597 2449 lingua,
1628 2378 1694 2451 qua

648 2450 714 2554 ipse
728 2452 906 2527 Historiam
919 2448 1158 2552 composuillet.
1191 2457 1291 2526 Venit
1304 2480 1381 2526 vero
1397 2458 1478 2526 mihi
1492 2458 1527 2524 in
1546 2476 1694 2528 mentem

646 2557 746 2642 ilico,
767 2552 862 2629 hosce
878 2557 982 2630 libror
992 2565 1027 2633 ὃ(
1040 2557 1115 2648 luce
1128 2564 1164 2630 ἃ
1177 2577 1232 2629 tua
1248 2552 1465 2656 amplitudine
1483 2563 1627 2650 muneris
1640 2559 1691 2632 lo·

646 2687 688 2736 co
702 2657 765 2733 effe
779 2656 1003 2760 digniffitnos,
1034 2688 1154 2762 tneque
1166 2656 1255 2761 apud
1275 2687 1390 2734 onmes
1408 2656 1619 2756 φιλολόγους
1635 2657 1693 2761 xit}

532 2851 536 2857 ¹
635 2767 852 2868 ,patiunda
874 2773 910 2841 ἀ
929 2760 1085 2839 studiosos
1105 2765 1331 2837 immortalem
1354 2770 1492 2864 gratiam
1518 2771 1690 2853 initurum,

576 2914 578 2921 ·
645 2867 755 2944 tiistae
776 2869 959 2945 lautissima:
974 2875 1071 2968 greci
1090 2865 1247 2947 sermonis
1267 2876 1302 2943 ἀ
1315 2862 1521 2942 historiarum
1543 2860 1690 2969 reliquiae'

644 3000 722 3050 tneo
739 2972 844 3047 studio
856 2976 1111 3073 invulgarentur.
1160 2978 1234 3072 Ego
1256 2977 1362 3072 itaque
1378 3000 1457 3044 cum
1473 2972 1551 3045 alias
1567 2976 1688 3065 Graecis

641 3075 847 3179 scriptoribus
860 3080 996 3179 propter
1002 3073 1169 3151 summam
1182 3070 1400 3150 eruditionem
1412 3082 1445 3148 ὅ(
1459 3072 1689 3171 diclionisele·

640 3189 789 3284 gantiam
808 3179 951 3280 impense
967 3178 1115 3266 faveam,
1154 3187 1190 3253 ἅ
1209 3185 1273 3252 hoc
1289 3184 1424 3252 authore
1441 3185 1686 3279 propter-innu-

641 3285 812 3377 merabiles
828 3293 896 3379 ejus
915 3291 1046 3358 virtutes
1062 3281 1200 3359 mirifice
1215 3278 1373 3369 deledier,
1398 3304 1558 3385 quantum
1572 3279 1614 3385 ald
1628 3310 1686 3377 εις,
1729 3303 1732 3307 ’

639 3386 799 3463 scribendi
814 3415 835 3460 o
859 3417 949 3461 eram
962 3388 1152 3489 pertinebat,
1173 3412 1243 3459 non
1261 3384 1366 3487 pallus
1381 3383 1454 3460 suin
1467 3406 1574 3461 toturn
1586 3392 1683 3463 inter·

638 3499 714 3569 ire:
749 3490 793 3563 fic
819 3417 942 3566 dicens
956 3496 1088 3577 animo,
1120 3486 1217 3563 satius
1237 3485 1316 3576 else,
1353 3486 1395 3563 de
1416 3511 1507 3564 tanto
1521 3484 1683 3583 thesauro,

637 3594 760 3690 nlaiore
772 3623 814 3671 ex
827 3616 916 3696 parte
930 3621 1010 3669 cum
1021 3616 1209 3695 temporum
1221 3599 1399 3696 iniquitate,
1423 3614 1494 3668 tum
1506 3588 1684 3671 hominum

636 3706 760 3777 incuria
774 3692 962 3800 deperdito,
997 3698 1051 3772 vel
1064 3694 1398 3798 exiguumquiddam
1412 3692 1547 3781 habere,
1578 3725 1682 3799 quarn

635 3801 765 3906 prorsus
777 3808 872 3876 omni
890 3828 1006 3874 carere.
1058 3805 1121 3898 Eas
1142 3807 1249 3902 itaque
1268 3797 1443 3876 dottiffimi
1458 3798 1585 3892 Polybii
1606 3802 1681 3876 reli·

658 3913 726 3982 uias
738 3928 797 3980 tuo
810 3906 1012 4006 atriplissitno
1024 3910 1170 3991 nomini,
1197 3908 1338 4005 Georgi,
1365 3908 1553 4003 Principum
1569 3900 1680 4001 decus,

633 3938 844 4098 ledinmus,
865 4030 901 4082 ut
912 4017 977 4085 hoc
991 4002 1255 4084 commendatior
1268 4015 1368 4083 exiret
1382 4014 1417 4082 in
1436 4008 1554 4083 manus
1570 4013 1679 4082 honri-

632 4144 734 4201 nurn,
772 4119 910 4190 minima
923 4112 1074 4215 suiparte
1097 4135 1224 4186 renatus
1245 4113 1422 4206 Polybius,
1450 4114 1498 4186 tui
1512 4109 1678 4219 clatillimr]

630 4225 773 4297 nominis
786 4218 964 4293 acceffione
980 4216 1215 4292 cohonestatus.
1233 4221 1297 4288 &c
1311 4258 1352 4276 ··

702 4346 802 4416 Porro
819 4364 939 4431 autem,
958 4369 1025 4445 quo
1039 4343 1179 4445 pleniori
1195 4334 1350 4442 obsequio
1362 4366 1477 4414 ornnes
1492 4341 1604 4411 Atticae
1617 4295 1677 4409 tin-⁵

627 4471 703 4553 gua
718 4444 900 4540 studiosos,
924 4451 1042 4552 quibus
1057 4443 1210 4524 nondum
1224 4450 1362 4523 omtuno
1377 4439 1566 4523 concellum
1579 4438 1624 4511 est
1639 4445 1675 4512 in

552 4670 681 4840 ι
