4542 5500
773 551 781 565 ἡ
814 609 871 653 nn
894 585 1317 669 roera.xx1v.5.-7.
1485 598 1543 665 541

546 763 703 837 miserant,
725 760 776 823 sub
790 760 851 822 hoc
875 759 969 842 ipsum
985 766 1125 842 tempus,
1147 758 1186 820 de
1207 777 1272 841 quo
1293 771 1375 820 nunc
1388 755 1506 839 agitur,
1528 776 1546 817 a
1572 791 1642 854 Vns·
1659 742 1703 854 „g

547 870 724 952 Spartanis,
752 888 811 928 nec
831 867 934 930 invitis
958 866 1100 942 Achaeis,
1130 864 1205 928 urbe
1226 862 1285 926 else
1305 862 1431 946 ejettoa.
1467 865 1548 940 ..Quo

547 977 704 1059 pertinere
725 975 833 1055 utique
857 961 976 1035 videtur
994 974 1040 1047 id,
1071 974 1153 1056 quod
1171 971 1250 1036 infra
1270 972 1370 1037 rursus
1383 958 1433 1037 liti
1441 972 1547 1037 XXV.

548 1106 577 1147 c.
594 1103 616 1144 ι.
631 1081 700 1164 9sq.
713 1081 856 1161 legimus.
879 1078 961 1142 cons.
976 1090 1080 1143 notata
1095 1082 1131 1143 ad
1148 1078 1265 1144 XXIV.
1278 1096 1313 1160 4,
1329 1099 1358 1161 3.
1402 1079 1462 1143 Sed
1480 1082 1508 1142 id
1524 1077 1548 1142 li
1627 1119 1634 1138 .

549 1193 591 1254 ita
607 1188 819 1270 accipiendum
847 1185 908 1261 est,
938 1188 1059 1247 videtur
1080 1185 1185 1248 saltem
1200 1188 1346 1268 particula
1368 1174 1474 1257 αἶθος,
1496 1198 1551 1251 aut

507 1303 509 1309 ’
550 1297 607 1359 aliu
624 1295 775 1375 quaepiam
790 1293 820 1353 in
836 1293 974 1353 eamdem
991 1290 1171 1353 sententiam
1185 1292 1270 1355 fuisse
1285 1296 1470 1376 adjicienda,
1486 1295 1548 1357 hoo

551 1404 662 1464 modo:
682 1401 740 1461 τῶν
753 1392 888 1480 α’ρχαίοον
898 1394 1065 1474 λεγομένων
1079 1391 1230 1476 quasdam,
1239 1391 1307 1463 τότε
1324 1400 1355 1464 δὲ
1367 1394 1550 1487 τροσφοίτνο

552 1494 668 1578 αὖθις
692 1510 728 1569 ἐκ
744 1505 794 1589 τῆς
809 1497 1032 1583 Λακεδαίμονος
1045 1497 1289 1568 ἐκπεπτωκότων.

900 1691 1211 1763 canvrvr.
1477 1667 1481 1678 '
1581 1711 1758 1781 aare..

617 1821 701 1907 Vtrſs
713 1842 738 1888 l.
759 1821 884 1886 Κόϊντον
897 1817 948 1886 τδν
964 1816 1107 1907 Melpum.
1129 1824 1218 1889 Cous.
1236 1841 1307 1907 oq,
1326 1822 1375 1890 16.
1415 1823 1465 1889 De
1481 1822 1628 1898 relqutrs.
1642 1822 1719 1893 ¹sll‘l·
1736 1811 1743 1830 .

555 1952 617 2013 quo
640 1932 729 2012 hujus
750 1929 782 1993 dc
802 1932 954 2012 sequentis
974 1930 1104 2012 Eclogae
1119 1941 1310 2013 argumento
1340 1932 1422 1998 conf.
1443 1935 1550 1999 Livius

554 2037 705 2101 XXXIX.
722 2053 770 2116 53.
788 2095 790 2100 .
814 2036 849 2099 ln
863 2038 969 2099 codice
984 2037 1057 2099 Bav.
1071 2036 1255 2101 desideratur
1272 2038 1331 2102 hoc
1346 2059 1413 2122 cap.
1426 2037 1457 2104 6.
1478 2060 1552 2123 quae
1683 2082 1688 2090 ·

554 2145 683 2225 Eclogae
698 2140 843 2207 XLVIII.
858 2146 897 2205 de
911 2144 1017 2225 Legat.
1033 2146 1132 2225 vulgo
1145 2156 1330 2208 numeratur.
1355 2177 1398 2193 —-
1420 2142 1505 2228 Vers.
1518 2163 1551 2229 4.

555 2245 711 2333 Ὀδρύσας.
743 2243 872 2332 Ὀδρόσα
884 2252 915 2313 in
930 2262 1077 2315 contextu
1093 2249 1190 2326 Vrsini
1204 2252 1262 2326 est,
1285 2271 1447 2333 operarum
1467 2235 1552 2317 erro·-

557 2381 602 2422 re.
645 2390 688 2402 -
733 2353 819 2441 Ver).
840 2374 869 2438 5.
902 2354 1050 2422 Φιλίστου
1071 2351 1174 2438 στόλον.Δ
1220 2358 1300 2428 Vide
1323 2370 1428 2425 notata
1452 2358 1553 2428 adv.

561 2471 683 2544 100,8.

890 2653 1117 2727 CAPVT
1159 2652 1246 2726 Vll.
1301 2623 1305 2630 ¹
1572 2663 1705 2733 canvn.

626 2788 663 2854 V
657 2785 711 2873 erfi
733 2809 759 2854 1.
781 2787 846 2854 Τοῦ
860 2784 1026 2872 Δημητρίου
1040 2785 1302 2873 παραγενηθέντος
1315 2793 1350 2854 ἐν
1365 2789 1417 2872 της
1432 2783 1554 2875 Ῥώμης,
1578 2772 1650 2834 Μ·
1668 2789 1689 2830 ¹·

559 2897 666 2961 Livius
683 2898 738 2960 l.c.
751 2898 882 2960 reditum
892 2896 1042 2959 Demetrii
1055 2898 1290 2980 legatorumque
1301 2900 1333 2960 in
1344 2900 1556 2962 Macedoniam
1740 2873 1746 2893 ’

559 3004 738 3085 conjungit:
764 3002 910 3084 Polybius
931 3000 1100 3087 significare
1117 3005 1252 3079 videtur,
1272 3002 1312 3078 Q.
1325 3005 1473 3069 Marcium
1499 3006 1559 3090 pri·

560 3131 646 3174 mum
664 3109 815 3172 adveniss'e
828 3112 917 3192 (cap.
934 3129 1025 3192 praec.
1048 3110 1122 3173 vers.
1137 3110 1177 3188 r.)
1191 3111 1300 3174 deinde
1317 3110 1522 3175 Demetrium.
1548 3152 1553 3162 -

627 3212 711 3299 Vers.
722 3235 750 3297 3.
777 3209 962 3299 προσεδόκων
983 3216 1169 3282 restituimus
1194 3239 1232 3279 ex
1253 3218 1325 3283 Bau.
1359 3269 1361 3273 .
1388 3218 1556 3301 Perpetem
1577 3222 1684 3297 vers).

562 3322 659 3405 vulgo
672 3319 868 3404 τροτεδόκοον
882 3327 930 3386 ed.
944 3322 1040 3388 Vrfin.
1056 3322 1090 3389 dr
1102 3326 1183 3407 seqq.
1198 3326 1281 3407 quod
1293 3322 1400 3397 frustm
1412 3346 1451 3389 ex
1464 3323 1490 3388 I.
1506 3339 1558 3406 53,

565 3448 614 3493 τι.
629 3429 793 3493 defendere
809 3443 936 3494 conatus
953 3431 996 3495 est
1009 3429 1169 3504 Reislaius,
1190 3451 1261 3493 nam
1274 3427 1308 3494 dr
1320 3431 1363 3494 ibi
1379 3452 1418 3494 ex
1434 3433 1560 3495 mendo·

562 3534 601 3601 lis
618 3537 778 3599 codicibus
790 3549 907 3601 temere
924 3551 1085 3620 reseptum
1105 3529 1301 3619 τροσεδόκονν
1322 3547 1397 3600 erat.
1439 3536 1476 3601 lu
1499 3537 1561 3605 ud.

563 3654 631 3704 not.
652 3643 776 3706 adeum
794 3644 899 3706 locum
922 3664 978 3726 pro
999 3663 1099 3708 omnes
1117 3637 1321 3727 τροσεδόκον,
1351 3645 1434 3727 quod
1454 3662 1568 3728 opera.

564 3749 678 3813 nolirae
692 3751 733 3812 ibi
746 3761 928 3831 peccarunt,
958 3752 1099 3835 corrige,
1121 3770 1220 3814 munes
1232 3742 1438 3834 προσεδόκων.
1481 3748 1562 3815 Con·

562 3857 611 3920 ser
623 3856 680 3918 alia
695 3856 763 3918 loca
775 3856 886 3918 ibidem
900 3856 1003 3920 citata.
1219 3930 1222 3937 ¹

633 3960 718 4043 Vers.
738 3979 768 4042 4.
791 3959 936 4044 μηδένα
964 3955 1053 4037 λόγον
1076 3984 1114 4025 ex
1135 3965 1209 4028 edit.
1231 3961 1357 4029 Ernesti
1371 3963 1402 4027 io
1428 3962 1560 4029 nostram
1586 3973 1656 4039 verr
1669 3989 1698 4044 4.

565 4084 768 4152 propagatum
778 4071 831 4134 est.
854 4065 1011 4151 μηθένα
1025 4070 1179 4133 editiones
1188 4070 1358 4150 superiores
1366 4089 1436 4132 curn
1444 4069 1562 4140 mestis,

565 4191 602 4240 ut
615 4172 717 4257 palsrm
734 4175 823 4251 aliis,
843 4197 904 4238 non
918 4177 1015 4239 malet
1042 4194 1224 4259 quamquam
1244 4173 1362 4240 nonnisi
1381 4175 1412 4240 in
1435 4172 1567 4260 Eulogie

565 4278 770 4373 potillimaum,
791 4294 854 4346 tam
867 4273 1052 4356 Vrliuianis,
1072 4301 1163 4365 quam
1178 4278 1360 4359 Valefianis,
1387 4283 1455 4346 lraec
1468 4283 1567 4347 formu

566 4391 722 4465 occurrit3
742 4409 799 4471 pro
812 4410 871 4470 qua
880 4389 1054 4453 constanter
1065 4387 1116 4457 sua
1130 4384 1312 4456 austeritate
1326 4390 1452 4455 ulterram
1465 4389 1567 4473 magis

566 4495 728 4578 vulgatam
739 4495 873 4580 reposuit
888 4493 1045 4562 Ernestuu.

1483 4596 1568 4684 Vns.
