4542 5500
896 586 1241 675 sno-ouurv'n.
1316 593 1319 600 ’
1438 595 1441 600 ·
1556 611 1635 674 1x‘

553 786 710 860 omnibus
727 782 872 875 dimissis,
892 809 1051 890 praccepta
1065 783 1216 890 quedam
1229 780 1353 869 inserit,
1363 778 1418 856 'ad
1430 773 1501 859 uitae
1515 788 1600 862 inlli-

554 894 718 961 tutionem
730 889 908 965 necessaria.
959 893 1125 965 Postremo
1141 897 1249 964 Livius
1262 893 1436 961 conciones
1451 894 1602 990 integras,
1684 929 1688 940 ·

554 1012 649 1091 atque
666 990 822 1082 directas,
850 996 1002 1090 Polybius
1022 997 1171 1097 obliquas
1190 998 1341 1094 exponit:
1365 995 1480 1091 qurbus
1499 1001 1533 1066 in
1555 1025 1601 1070 re·

554 1096 615 1165 bus
632 1117 704 1167 uter
718 1125 832 1171 eorum
848 1106 952 1199 magis
961 1085 1002 1173 lit
1018 1096 1222 1200 probandus,
1257 1123 1325 1168 non
1344 1093 1389 1167 esl
1401 1104 1468 1170 mei
1488 1099 1540 1171 vel
1551 1106 1603 1175 in·

554 1204 657 1373 genii,
682 1203 735 1275 vel
749 1197 846 1275 etatis
861 1200 1023 1297 judicares
1044 1210 1166 1304 quippe
1179 1207 1233 1302 qui
1248 1228 1289 1272 ne
1304 1197 1454 1276 admirati
1469 1199 1602 1308 qudem

589 1308 628 1392 tis
642 1329 760 1377 eorum
774 1306 1116 1381 virorumdottrinam
1136 1333 1198 1407 pro
1214 1309 1332 1377 merito
1348 1300 1484 1402 possem.
1523 1314 1601 1394 ¹Ve-
1705 1307 1708 1314 ’

556 1433 632 1483 rum
644 1407 798 1508 equidem
811 1415 845 1481 in
859 1412 997 1505 Polybio
1013 1413 1202 1484 brevitatem
1221 1435 1290 1480 non
1304 1402 1480 1502 desydero„
1500 1416 1534 1481 in
1551 1416 1601 1484 Li-

556 1516 613 1583 vio
625 1510 792 1585 interdum
807 1511 935 1586 sortasse
946 1513 1069 1614 aliquid
1076 1515 1185 1589 latius:
1208 1508 1332 1585 flosculi
1347 1537 1424 1584 vero
1438 1507 1602 1588 sententia·

496 1615 501 1622 “
556 1639 730 1718 rumquos
745 1623 833 1716 operi
847 1614 904 1696 suo
919 1620 1071 1712 Polybius
1084 1614 1208 1699 inserit,
1230 1621 1335 1714 magis
1351 1612 1499 1715 profecio
1521 1623 1603 1691 mibi

557 1719 704 1790 mentem
728 1722 891 1819 implent,
921 1751 1018 1823 quarn
1037 1741 1185 1822 portenta
1201 1723 1301 1803 Livii,
1326 1740 1420 1820 atque
1434 1718 1602 1820 prodigia:

557 1819 639 1922 quid
654 1829 744 1907 enim
757 1823 822 1897 dici
836 1832 944 1901 minus
958 1822 1110 1902 credibile
1125 1822 1343 1926 potest,qua1n
1358 1842 1412 1898 aut
1425 1822 1603 1923 apparuisse

556 1927 670 1998 Deum
689 1929 868 2002 Annibali?
910 1953 964 2002 aut
984 1923 1344 2028 ingenuuminsaintern
1365 1923 1547 2000 semestrem
1565 1934 1603 2003 in
1673 1977 1678 1985 -

556 2026 785 2103 foroOlitorio
801 2037 1002 2132 triumphurn
1025 2026 1193 2106 clamasse?
1219 2045 1272 2101 att
1288 2030 1409 2102 bovem
1420 2027 1476 2102 sua
1490 2028 1602 2130 sponte

557 2136 594 2203 in
608 2140 736 2205 tertiam
749 2139 1026 2235 contignationem
1042 2128 1233 2209 ascendisse?
1260 2155 1315 2205 aut
1336 2138 1368 2211 in
1385 2159 1463 2233 agro
1485 2139 1608 2215 Piceno
1657 2207 1660 2212 ,

557 2234 720 2335 lapidibus
735 2235 876 2339 pluisse?
910 2262 964 2313 aut
978 2237 1063 2314 aliud
1088 2236 1257 2341 quidpiam
1274 2232 1459 2337 hujusmodi
1479 2234 1604 2322 sarlium

556 2335 644 2413 esset
672 2370 743 2443 quae
756 2370 806 2416 res
821 2371 862 2417 ne
880 2346 920 2418 ab
941 2372 982 2417 eo
998 2341 1131 2446 quidem
1151 2338 1221 2418 fimt
1240 2338 1383 2426 creditae,
1409 2335 1432 2414 a
1447 2368 1511 2442 quo
1532 2338 1604 2415 scri·

556 2445 702 2532 buntur,
720 2474 781 2520 nec
802 2444 908 2547 dignae
930 2445 1002 2522 sunt
1025 2475 1095 2550 qua
1117 2442 1300 2518 insomniis
1320 2440 1390 2517 visae
1416 2443 1605 2525 referantur:
1656 2510 1660 2526 ,
1710 2533 1715 2548 ·

558 2573 639 2621 narn
662 2546 704 2632 de
724 2550 856 2652 obliqua
878 2558 1022 2625 oratione
1040 2547 1247 2635 manifestum
1270 2547 1332 2634 ell,
1367 2546 1445 2651 quid
1467 2547 1613 2649 TrOg-us'

558 2656 736 2752 Pompejus
761 2651 910 2741 senserit:
935 2655 1015 2758 qui,
1047 2675 1084 2727 ut
1102 2653 1237 2727 Iullinus
1259 2648 1373 2737 refert,
1405 2660 1439 2724 in
1457 2657 1550 2726 Livio
1571 2659 1607 2733 dt

558 2756 712 2838 Sallustio
733 2757 963 2860 reprehendere
984 2757 1124 2845 solebat,
1150 2751 1239 2859 quod
1262 2761 1436 2831 conciones
1460 2754 1608 2847 diredias

505 2944 507 2948 ¹
558 2887 623 2962 pro
636 2857 691 2933 sua
705 2868 870 2949 oratione,
893 2868 983 2965 operi
1002 2859 1065 2959 suov
1083 2856 1270 2953 inserendo2
1295 2859 1444 2934 Hilloriae
1465 2859 1608 2936 modum

558 2961 779 3063 excessissent.¹
820 2964 884 3039 Sed
899 2994 967 3076 quo
981 2970 1086 3066 mag'is
1108 2972 1144 3038 in
1163 2969 1227 3038 boc
1247 2986 1383 3063 vagatur
1398 2969 1501 3037 oratio
1522 2993 1608 3053 mea,

558 3094 604 3141 eo
619 3075 723 3166 magis
738 3091 894 3169 augentur
907 3077 989 3146 mihi
1002 3073 1126 3157 ludius,
1152 3075 1188 3143 <lt
1204 3064 1442 3147 commiseratio
1457 3067 1608 3168 quaedam

560 3170 604 3268 de
626 3192 713 3247 tanta
734 3170 854 3260 clade,
887 3178 1070 3277 jadluraque
1093 3174 1259 3248 librorum.
1311 3168 1609 3247 Olirevivisceret

559 3274 730 3370 Polybius,
753 3299 845 3380 atque
858 3281 944 3350 hanc
957 3275 1175 3359 desonnatam
1190 3279 1297 3377 operis
1312 3271 1358 3346 sui
1371 3270 1491 3374 faciem
1507 3302 1608 3377 agno·

558 3374 687 3466 sceret,
721 3385 775 3454 vix
795 3384 910 3459 oslava
930 3379 978 3454 sui
997 3402 1084 3483 parte
1106 3377 1277 3480 superllitis
1290 3403 1303 3467 3
1342 3405 1441 3479 quam
1463 3380 1609 3473 molelle,

559 3510 668 3584 quam·
675 3490 834 3582 graviter,
856 3514 956 3587 quam
978 3488 1092 3558 acerbe
1111 3480 1209 3558 ferret
1220 3480 1358 3583 perlatos
1373 3511 1392 3554 a
1407 3476 1438 3557 se
1452 3480 1608 3580 incassum

558 3607 612 3661 tot
633 3587 779 3674 labores,
803 3608 852 3661 tot
871 3585 985 3673 frustra
1006 3587 1171 3688 evigilatas
1194 3588 1325 3670 noctes,
1351 3605 1400 3658 tot
1421 3616 1438 3658 a
1459 3582 1491 3658 se
1510 3583 1608 3660 susce·

557 3713 651 3795 ptas,
673 3711 740 3778 tam
759 3693 848 3765 brevi
864 3713 1011 3793 tempore
1025 3697 1204 3771 evanituras
1223 3709 1316 3790 atque
1335 3675 1498 3763 ociasuras
1520 3696 1611 3789 cogi·

559 3799 717 3873 tationes!
744 3800 941 3898 Qanquam
960 3791 1099 3875 eandem¹
1122 3790 1289 3866 fortunam
1312 3792 1365 3865 alii
1384 3819 1514 3894 quoque
1538 3794 1612 3866 iuli·

559 3901 640 3982 niti,
665 3920 733 3981 tarn
745 3898 861 3998 graeci,
885 3927 984 4000 quam
997 3900 1089 3973 latim
1103 3889 1250 3969 autliores
1263 3891 1334 3968 sunt
1349 3900 1472 3996 experti
1480 3928 1490 3968 :-
1511 3923 1614 3992 quau«

560 4020 635 4075 turn
650 4007 740 4088 enim
755 4008 789 4104 in
804 4020 936 4101 utraque
948 4002 1060 4102 lingua
1074 4030 1092 4073 a
1106 3996 1298 4074 dodilsunis
1312 4005 1386 4071 viris
1400 4000 1548 4074 relidturn
1563 3998 1612 4073 lez

561 4109 688 4212 gimus!
714 4106 903 4217 quantulum
918 4106 980 4194 est,
1000 4102 1090 4206 quod
1110 4099 1250 4211 superest
1269 4102 1443 4205 librorum!
1466 4110 1556 4189 &ca-
1570 4147 1583 4173 η
1597 4144 1613 4176 2
1690 4148 1697 4163 ·

1170 4602 1239 4686 at
1434 4598 1438 4603 ·
1511 4574 1621 4661 VIN*
