4542 5500
723 631 979 708 EPISTOLA
1017 619 1466 707 N'VchruToan
1581 659 1626 708 xv

573 817 777 918 amplissimo
785 824 973 893 Graecorum
982 815 1176 919 scriptorum
1181 817 1303 920 pelago
1316 815 1382 891 srne
1392 824 1512 892 cortice
1520 817 1627 921 (quod
1641 827 1644 841 ”

573 926 685 1016 ajunt)
710 944 839 1010 natare,
862 922 1063 1008 demererer,
1087 929 1257 1024 impetravi
1280 924 1321 995 ab
1336 920 1536 996 ornatissimo
1553 930 1625 1000 viro
1731 985 1734 990 .

572 1030 697 1100 Ioanne
713 1030 860 1113 Seceri0,
880 1024 1091 1127 Haganodnfi
1102 1030 1348 1129 TypographO,
1372 1053 1439 1127 quo
1457 1035 1523 1121 jam
1537 1029 1625 1103 mul·
1727 1122 1730 1128 Ι

572 1148 625 1203 tos
635 1156 741 1203 annos
751 1151 828 1204 utor
842 1128 1104 1216 familiarissime,
1113 1152 1162 1203 ‘ut
1174 1135 1471 1230 interpretationem
1485 1134 1623 1209 latinam
1724 1176 1730 1190 κ

570 1232 706 1306 Nicolai
731 1239 869 1320 Feretri,
897 1241 956 1309 uiri
979 1231 1185 1323 dodiiisuni,
1209 1230 1252 1304 ad
1275 1231 1400 1307 cascerh
1422 1232 1623 1335 adjungeret,
1717 1296 1723 1308 .

570 1358 609 1410 ut
622 1333 718 1424 effer,
743 1364 810 1439 quo
832 1364 1069 1441 nonnunquam
1088 1341 1123 1411 in
1140 1342 1282 1432 authoris
1300 1334 1391 1410 sensu
1412 1344 1621 1416 haerentes&
1650 1357 1662 1378 ·⁴

570 1438 749 1515 haesitantes
765 1437 964 1541 respicerent.
1015 1450 1054 1515 In
1068 1439 1184 1514 eadem
1199 1446 1264 1513 hoc
1278 1469 1382 1514 unum
1395 1445 1546 1517 Let‘iores
1563 1443 1620 1518 ad·
1646 1508 1662 1533 Α.

571 1550 717 1617 monitos
731 1541 794 1635 eise
816 1548 913 1631 u010,
945 1571 1014 1619 non
1033 1572 1156 1647 paucos
1176 1546 1268 1624 socos
1287 1573 1345 1646 per
1361 1538 1456 1619 hosce
1474 1554 1619 1651 quinque

569 1648 707 1721 librosa
728 1652 858 1721 Perotto
879 1674 948 1721 non
971 1644 1034 1721 eise
1053 1644 1226 1750 expressos.
1262 1646 1367 1753 ¹Qid
1379 1672 1489 1723 autern
1505 1650 1619 1729 caussae

568 1746 695 1838 suerit,
730 1750 821 1852 quod
844 1755 982 1825 inradios
1004 1754 1189 1854 reliquerit,
1220 1747 1298 1824 scire
1331 1780 1400 1828 uon
1425 1752 1565 1855 possum.
1580 1766 1618 1857 ⁶)

568 1858 649 1932 Hoc
668 1875 779 1928 tamen
797 1852 895 1927 facile
914 1861 1082 1949 conjeEiO,
1101 1881 1171 1929 non
1199 1852 1261 1929 eise
1280 1854 1454 1945 credibile,
1485 1852 1617 1940 Feretri

567 1964 613 2032 ita
633 1983 693 2057 per
712 1965 824 2031 omnia
838 1960 1004 2058 exemplar
1025 1956 1119 2033 fuisse
1140 1960 1286 2033 lacerum
1302 1966 1337 2034 ἀ
1358 1962 1532 2052 mutilum
1566 1969 1616 2038 in·
1681 2003 1683 2012 ·

566 2062 701 2134 terdurn
716 2068 895 2136 enimtotas
909 2059 1075 2137 subtersrlit
1086 2070 1238 2165 paginas:
1260 2067 1326 2136 hoc
1335 2092 1451 2139 verum
1461 2062 1616 2143 cisernox
1680 2057 1682 2061 ¹

567 2164 814 2265 deprehendet,
851 2171 907 2268 qui
928 2166 1119 2266 posteriores
1144 2187 1204 2239 tres
1224 2164 1397 2342 ΨΜ]
1415 2171 1513 2244 iibros
1535 2200 1614 2246 cum

565 2264 622 2342 sua
645 2264 855 2342 translatione
871 2271 1051 2344 contulerit.
1100 2272 1222 2371 Suppse
1281 2298 1336 2344 ern
1354 2299 1432 2345 vero
1453 2277 1615 2375 perliben-

566 2393 616 2445 ter
630 2366 727 2444 hosue
742 2370 899 2460 desedius,
924 2372 984 2446 ru'fi
996 2371 1138 2473 negasset
1155 2372 1293 2476 quidatn
1302 2377 1476 2475 pulchrum
1488 2376 1613 2466 esse-in

566 2476 674 2549 alieno
690 2476 773 2549 libro
786 2474 993 2576 ingeniosum
1006 2476 1108 2551 videri
1122 2478 1215 2551 velle.
1268 2488 1377 2580 Itaque
1391 2484 1522 2556 Perotto
1542 2510 1613 2556 ver·

564 2578 695 2684 fionepn
716 2576 803 2682 suain
826 2584 982 2654 inradiarn
1002 2583 1218 2684 reliquimus,
1257 2609 1326 2684 uon
1345 2591 1506 2683 gravatim
1527 2591 1613 2660 hanc

562 2681 720 2783 lampada
731 2684 819 2757 alteri
832 2682 997 2772 tradituri,
1019 2690 1082 2762 hoc
1097 2687 1218 2761 laboris
1233 2681 1356 2775 subire,
1380 2711 1515 2792 eamque
1530 2694 1612 2765 invi·

563 2785 657 2861 diam
673 2784 750 2860 inse
764 2795 908 2890 accipere
927 2789 1061 2865 volenti.
1117 2803 1196 2869 Non
1215 2808 1284 2863 tam
1302 2791 1426 2866 multos
1441 2793 1612 2893 magistros

560 2895 671 2979 habet,
688 2897 743 2993 qui
761 2898 793 2963 in
809 2894 939 2994 publico
952 2890 1100 2985 edificat,
1112 2919 1212 2995 quarn
1226 2895 1278 2967 ille
1293 2899 1419 2995 iniquos
1434 2900 1609 2971 calumnia·
1667 2918 1690 3029 p

561 3015 650 3069 tores
663 3003 698 3069 ἀ
711 2994 851 3089 judiees,
894 3004 926 3069 ui
941 2994 1133 3070 hoesaeculo
1149 2996 1275 3099 aliquid
1293 3002 1610 3076 conrnrunisutih'ta·
1730 2999 1732 3003 ’

558 3105 603 3173 tis
622 3106 725 3200 gratia
739 3097 806 3172 edit
818 3107 852 3172 dt
864 3025 970 3177 scribit
983 3107 1019 3174 in
1032 3103 1213 3203 pubiicum.
1293 3092 1298 3103 ⁸

639 3249 952 3336 verumenimvero,
972 3268 1009 3321 ut
1026 3244 1159 3321 tandem
1179 3246 1283 3320 finem
1301 3241 1440 3334 faciam,
1463 3251 1531 3340 ejus
1550 3272 1609 3422 pe·

558 3354 646 3424 neris
661 3355 809 3424 authores
822 3348 955 3452 priscos,
973 3347 1084 3451 solidae
1100 3348 1291 3426 eruditionis
1305 3347 1538 3437 refertissimos,
1575 3370 1608 3423 ei
1645 3444 1647 3448 y

557 3455 682 3528 bebant
691 3452 791 3526 nostri
805 3481 933 3556 quoque
947 3455 1167 3556 Typographi
1183 3452 1316 3529 tandem
1331 3479 1390 3554 per
1396 3457 1607 3528 Germaniam
1753 3538 1755 3542 ,

555 3554 737 3642 excudere,
762 3577 797 3629 ut
811 3563 928 3658 optiuri
943 3557 1072 3632 codices
1094 3565 1213 3632 iterum
1231 3565 1266 3631 in
1284 3558 1396 3631 lucem
1417 3555 1607 3633 reducereu·
1657 3587 1662 3659 ζ

554 3679 628 3748 tur,
648 3658 866 3762 haberentque
878 3668 980 3736 etiarn-
992 3668 1124 3762 inopes,
1146 3659 1235 3738 unde
1255 3657 1415 3736 mediocri
1434 3659 1607 3763 impendio

554 3766 725 3839 bonorum
742 3765 902 3838 librorum
916 3773 1049 3869 copiam
1063 3765 1120 3840 fibi
1138 3795 1249 3868 parare
1263 3763 1394 3869 possint.
1410 3770 1473 3837 &e
1486 3811 1499 3824 ·
1513 3809 1525 3823 ·
1540 3809 1554 3826 ·

626 3914 678 3984 Ex
691 3910 949 4011 Onoltzpachitr,
973 3910 1236 4018 decimoquarto
1251 3907 1417 3991 Kalendas
1438 3906 1606 4004 octobre,

551 4018 653 4092 nmo
666 4017 718 4088 M
726 4016 769 4088 D.
778 4021 898 4091 XXIX.

584 4217 612 4289 e)
637 4219 703 4278 Vide
718 4217 819 4279 Preitt.
839 4218 917 4280 nostr.
930 4222 963 4277 Τ.
969 4224 990 4277 1.
1003 4216 1118 4294 p.5esq.'
