4542 5500
693 606 800 720 mg„
845 599 1094 681 ranorum
1131 605 1496 710 rnooamvlr·
1541 631 1613 688 vu

586 731 1603 900 *eepaaeaefflaaa-eaaeau·

628 1165 631 1172 ·
799 1119 1410 1258 moranorrrst

560 1336 612 1407 m
641 1329 828 1405 roman.
847 1334 1141 1406 marorumvur
1171 1334 1318 1405 uaros
1358 1289 1612 1432 rrooumvrr

672 1490 733 1557 ar>
754 1490 978 1578 mcomvu
1000 1459 1041 1563 b.
1069 1476 1526 1574 PomlF.MAx1Mvm.·)
1601 1463 1610 1576 f

558 1694 741 1876 Absolui
763 1695 896 1777 tandem
922 1697 1100 1805 aliquando
1119 1700 1307 1804 delegatum
1326 1706 1523 1780 mihiabs·te
1538 1730 1611 1780 mu·

660 1833 734 1893 nur,
754 1805 904 1881 Pontifex
917 1811 1078 1894 Maxime,
1101 1808 1261 1907 conyersrs
1276 1816 1309 1884 in
1323 1813 1477 1883 Latinum
1491 1805 1612 1882 sermo·

559 1937 643 1984 nem
656 1915 800 2016 quinque
819 1914 908 1986 libris
929 1914 1076 2007 Polybii,
1100 1918 1158 2013 qui
1179 1909 1239 1987 soli
1257 1916 1350 2011 nobis
1368 1908 1609 2013 superslitesaex

557 2014 761 2115 ampliffuua
781 2015 868 2091 illius
883 2015 1012 2092 hillon'a
1025 2011 1220 2090 remansere·
1266 2007 1373 2119 Qare
1386 2019 1609 2093 iuunortalem
1677 2087 1682 2098 .

558 2115 682 2220 superis
695 2120 802 2193 habeo
816 2128 973 2220 gratiam,
993 2147 1134 2222 quorum
1148 2119 1308 2214 majestate
1323 2116 1512 2221 suggerente
1525 2126 1608 2198 mihi

556 2221 712 2304 favorem
725 2248 809 2322 opus
825 2222 963 2323 perfeci,
984 2244 1020 2297 ut
1033 2245 1182 2325 optatum
1193 2222 1349 2298 sanslitati
1365 2245 1455 2311 tuae,
1469 2231 1526 2309 ira,
1546 2221 1608 2301 uili

558 2356 617 2402 me
629 2334 760 2399 animus
779 2321 884 2415 fallit,
904 2328 1121 2428 gratissimum
1142 2326 1302 2402 futurum.
1353 2329 1437 2401 Tibi
1458 2354 1535 2401 vero
1557 2336 1607 2403 in·

555 2452 673 2533 gentes
685 2456 751 2530 ago
764 2438 893 2530 gratias,
916 2459 1080 2535 agamque
1093 2431 1175 2507 dum
1189 2438 1310 2528 aivam,
1329 2430 1422 2533 quod
1434 2460 1489 2506 me
1503 2458 1608 2508 unum

557 2565 600 2611 ex
616 2537 746 2620 multis,
766 2543 819 2611 cui
832 2542 898 2612 boc
913 2565 1031 2610 munus
1051 2534 1235 2637 delegares,
1259 2537 1393 2636 elegissi.
1443 2541 1534 2610 Nam
1547 2564 1606 2637 per

555 2641 784 2715 immortalem
795 2644 924 2728 Deum,
948 2641 1027 2742 quid
1040 2647 1141 2728 mihi,
1164 2640 1217 2714 vel
1230 2645 1264 2713 in
1277 2636 1513 2740 praesentiarum
1534 2668 1605 2740 gra·
1632 2649 1635 2654 ’
1720 2725 1721 2730 1

556 2753 639 2830 tius,
662 2743 715 2818 vel
731 2739 774 2816 ad
790 2743 977 2846 posteritatis
993 2753 1190 2821 memoriam
1213 2742 1385 2844 gloriosius
1403 2750 1528 2843 injungi
1546 2770 1606 2845 po·

555 2856 638 2934 tuit,
677 2876 777 2950 quam
798 2871 834 2923 ut
854 2869 1013 2936 veterem,
1042 2872 1138 2951 atque
1159 2846 1379 2934 reconditam,
1417 2846 1472 2922 sed
1493 2870 1607 2945 tamen
1630 2893 1634 2903 ·

553 2959 745 3053 egregiam,
768 2981 806 3026 ac
826 2954 1055 3041 luculentam,¹
1071 2953 1262 3053 praestantis,
1288 2961 1323 3027 ὅ(
1341 2950 1606 3048 synceriautorie

553 3057 726 3135 lu'lloriam
741 3058 896 3133 inlucem
912 3054 1116 3157 proferrem:
1141 3065 1177 3131 ὅ(
1192 3053 1282 3157 quasr
1296 3054 1337 3129 de
1349 3084 1439 3130 novo
1454 3051 1606 3145 scribent,
1660 3094 1679 3119 ·-

554 3159 673 3236 nollris
686 3164 889 3249 hominibus,
920 3183 1075 3262 tanquam
1091 3187 1150 3261 per
1168 3188 1284 3233 manus
1304 3159 1485 3234 traderem?
1516 3164 1628 3235 Mihi«
1728 3224 1732 3232 .

552 3262 695 3369 quidem
707 3264 750 3337 ita
764 3266 922 3359 jucundus
936 3271 990 3339 hic
1004 3267 1099 3339 labor
1112 3261 1192 3351 suit,
1218 3285 1254 3337 ut
1272 3271 1432 3358 majorem
1446 3269 1526 3339 milri
1536 3263 1608 3355 *fios

553 3397 635 3472 gere
657 3370 859 3470 voluptatem
878 3397 919 3441 ne
944 3389 1023 3443 voto
1044 3365 1180 3471 quidem
1203 3364 1402 3469 potuissem:
1439 3373 1605 3457 Primum,

551 3469 647 3577 quod
663 3501 790 3546 morem
805 3476 957 3573 gerebam
970 3474 1128 3546 voluntati
1145 3494 1223 3558 tuae,
1253 3479 1344 3581 cujua
1363 3480 1508 3545 maxima
1522 3468 1603 3543 sein·

551 3606 632 3678 per,
658 3609 696 3652 ac
712 3606 793 3678 pene
808 3578 1005 3651 immortalia
1018 3574 1149 3650 suerunt
1161 3602 1237 3674 erga
1249 3604 1322 3663 me,
1347 3584 1382 3650 de
1402 3572 1603 3653 meos-bene-

550 3683 649 3756 ficia:
689 3679 823 3766 deinde,
854 3679 945 3782 quod
959 3702 1044 3754 tanta
1060 3686 1210 3752 varietate
1226 3707 1336 3759 rerum
1343 3718 1364 3767 ,·
1379 3687 1414 3753 ὃ(
1434 3685 1528 3777 copia
1541 3684 1605 3751 mi-

551 3815 631 3861 rum
647 3793 681 3856 in
696 3781 838 3857 modum
854 3787 1047 3858 obledbabar.
1100 3789 1185 3884 Qis'
1196 3791 1285 3856 enim
1299 3781 1426 3857 suavior
1444 3789 1543 3857 animi
1560 3787 1604 3856 ci-

553 3893 617 3964 bus
632 3885 743 3962 offerri
758 3887 881 3989 pote-ll,
905 3917 1003 3988 quam
1017 3890 1118 3963 lertio
1131 3886 1289 3960 historiar?
1311 3893 1406 3981 hujus
1417 3882 1603 3986 praesertim,

552 4001 588 4068 in
610 4022 675 4094 qua
698 4022 777 4066 cum
795 3992 1019 4092 magnitudine
1039 4020 1078 4065 ac
1100 3986 1278 4065 diversrtate
1299 4017 1407 4064 rerum
1428 3989 1602 4090 gestarum,

547 4094 708 4198 splendor
721 4124 849 4199 quoque
865 4098 1038 4171 verborum
1053 4097 1244 4189 conjundbus
1259 4095 1315 4182 est,
1334 4104 1369 4170 ὅ(
1384 4091 1517 4169 suavitas
1526 4120 1602 4169 'ora-

550 4209 652 4276 tionis
670 4197 864 4302 quibusdam
882 4200 971 4303 quali
996 4200 1173 4274 luminibus
1200 4194 1425 4275 sententiarum
1448 4195 1603 4302 respersa:
1745 4225 1753 4245 ‘

1143 4327 1212 4394 ⁸4
1345 4370 1354 4381 ..
1566 4323 1604 4376 ut

584 4485 613 4529 a*
632 4478 674 4528 De
696 4472 793 4527 neroni
826 4472 947 4527 versione
978 4472 1057 4529 latim
1100 4473 1216 4529 diximus
1238 4473 1266 4528 in
1291 4471 1391 4526 Prafat,
1425 4472 1457 4527 ad
1488 4471 1602 4527 nostram

547 4546 670 4613 quinque
699 4541 1056 4610 *iorumPolybiilibrorum,
1100 4543 1167 4597 lianc
1181 4541 1284 4612 Polybii
1293 4542 1444 4607 editionem,
1462 4545 1525 4598 Ta.
1537 4540 1601 4613 aar

546 4615 596 4668 cui
618 4613 669 4667 hoe
680 4560 848 4669 bannim
863 4611 908 4667 ille
927 4612 1058 4684 premisit,
1099 4611 1127 4667 ἃ
1141 4629 1168 4684 p.
1177 4611 1254 4682 rose.
1613 4652 1615 4657 «
1710 4610 1714 4619 “
