4542 5500
965 692 967 695 Α
1000 624 1376 672 annonaraonna

553 747 684 774 ‘nn-¹¹¹·

577 773 649 867 vap
665 815 689 856 ι,
713 777 975 863 quaesequuntur:
996 776 1027 840 in
1042 777 1153 859 qulbus
1168 775 1244 840 illud
1255 777 1450 859 quidemnon
1464 791 1659 859 magnopere
1670 789 1734 837 nra·

715 888 869 970 gebimus,
880 886 961 967 quod
977 876 1720 966 iiav'uulpraetantumnonconstanterdeseaate

715 990 852 1056 Romana
867 992 1003 1053 dicatur:
1027 1010 1097 1051 nam
1111 991 1264 1054 interdum
1282 991 1390 1065 etiam,
1409 1007 1595 1073 quamquam
1608 989 1719 1062 meins,
1759 1065 1761 1074 Ι

616 1097 619 1103 ’
707 1102 755 1163 de
768 1098 829 1161 alio
845 1097 978 1160 concilio
992 1098 1074 1158 idem
1088 1116 1202 1159 nornen
1218 1096 1367 1180 Polybius
1390 1096 1494 1180 noster
1506 1095 1650 1178 usurpat,
1668 1113 1718 1158 ae·

716 1206 763 1269 lut
777 1206 816 1267 de
838 1202 973 1266 concilio
995 1204 1185 1267 Achaeorum
1200 1202 1368 1285 Sicyonem
1382 1213 1575 1277 convocato,
1601 1197 1718 1265 xxix.
1757 1235 1761 1250 ·

714 1332 745 1395 9,
761 1308 834 1374 (nae
847 1306 1641 1374 sortall'eetiamdeAcarnanumconcioneXXVIII.
1652 1303 1717 1389 5,6.
1759 1329 1761 1334 ·

646 1411 1718 1498 '(wfflffimwmmmmmfflm

716 1524 930 1606 telligendus.)
974 1520 1034 1585 Sed
1053 1525 1313 1606 quemadmodum
1332 1522 1433 1606 capite
1445 1522 1505 1605 seq.
1526 1520 1600 1586 XX.
1619 1539 1675 1602 13,
1692 1537 1719 1586 i·

717 1630 766 1709 (in
782 1631 939 1712 legatione
952 1628 1022 1694 XV.
1038 1630 1124 1713 cujus
1138 1641 1354 1713 argumentum
1365 1630 1472 1693 Livius
1487 1629 1601 1692 eodem
1616 1626 1718 1710 capite

719 1717 790 1801 cum
805 1737 852 1798 eis
866 1730 968 1806 rebus3
992 1737 1154 1818 dequibus
1172 1737 1223 1799 hic
1239 1738 1349 1822 agitur,
1373 1734 1547 1820 conjunxit)
1558 1730 1578 1817 ’i
1591 1727 1717 1816 σιήιλη·

719 1865 770 1914 τος
780 1839 909 1925 sanatas
929 1840 1086 1906 Romanas
1107 1843 1166 1917 est,
1198 1840 1238 1905 saa
1254 1843 1338 1907 nulla
1360 1842 1405 1907 est
1425 1842 1503 1905 ratio
1519 1861 1576 1906 eur
1600 1842 1718 1905 dubite-
1757 1843 1761 1848 '

646 1972 649 1977 ·
720 1966 806 2024 mus,
825 1950 887 2011 hoc
902 1948 972 2011 loco
987 1951 1101 2031 pariter
1115 1942 1282 2030 σύγκλητον
1287 1945 1431 2033 sanatum
1443 1947 1616 2012 Ronlanum
1628 1947 1701 2030 dici.

546 2107 549 2114 .
585 2057 696 2123 veria·
784 2053 910 2137 Verj.a⁶
944 2059 989 2118 At
1003 2055 1158 2120 manifesta
1179 2056 1216 2121 fit
1235 2058 1329 2120 etiarn
1342 2076 1392 2119 res
1415 2076 1453 2117 ex
1467 2054 1538 2138 ipfia
1556 2054 1721 2129 modetia

720 2181 791 2246 quae
803 2161 954 2224 habebant
974 2162 1067 2245 legati
1083 2162 1388 2226 Lacedaemoniorum
1407 2158 1510 2245 (Vars.
1523 2160 1571 2242 2.)
1594 2157 1719 2245 'Empla-
1752 2135 1760 2160 ⁰

719 2271 812 2352 βευον
824 2268 881 2344 μὲν
892 2261 949 2350 vaip
968 2268 1108 2352 περὶτῶν
1123 2260 1245 2351 ὁμήρων.
1288 2267 1368 2354 Miffr
1387 2269 1602 2350 circumligati,
1623 2277 1661 2335 ait
1669 2287 1719 2352 pa·

721 2384 818 2439 terent
838 2373 874 2436 de
894 2373 1048 2455 odstdibas.
1089 2377 1168 2439 Suur
1189 2396 1301 2458 nempe
1321 2377 1353 2438 bi
1368 2374 1501 2451 obfides,
1529 2377 1584 2459 qni
1599 2377 1718 2461 inpane

722 2501 803 2545 anno
817 2495 888 2561 559.
906 2502 923 2542 a
936 2478 975 2544 T.
991 2479 1139 2555 Quintlio
1152 2480 1261 2546 Nabidi
1276 2485 1344 2545 data
1366 2483 1508 2566 imperati
1527 2491 1616 2547 erant
1631 2482 1721 2570 pri

723 2588 773 2650 di:
795 2584 904 2670 obfides
919 2584 1007 2650 daret
1022 2589 1151 2666 (Nabis)
1166 2591 1308 2674 quiaque,
1334 2608 1408 2672 qaas
1419 2590 1597 2670 imperatori
1607 2569 1720 2653 Rama·

721 2714 761 2757 na
771 2688 946 2777 placaiffat;
966 2693 1061 2769 filiam
1075 2696 1106 2758 ia
1124 2690 1172 2759 liis
1183 2693 1284 2779 saum.
1333 2696 1398 2761 Liv.
1411 2694 1563 2787 xxxlv,
1578 2711 1629 2777 35.
1651 2694 1723 2763 coll.

720 2820 787 2883 cap.
803 2818 854 2878 40.
887 2800 1004 2864 Horum
1017 2801 1154 2897 obsidum
1171 2806 1303 2867 redditio
1317 2825 1376 2866 nee
1390 2805 1426 2866 ab
1442 2802 1635 2883 Achaeorum
1648 2825 1722 2868 con·

720 2908 812 2984 cilio,
833 2928 892 2970 nec
912 2907 980 2971 aT.
997 2907 1169 2971 Flaminino
1191 2921 1297 2992 petere
1317 2910 1456 2994 Spartani
1477 2921 1665 2993 potuerunt:
1686 2913 1723 2975 nd

580 3070 584 3077 .
722 3012 858 3078 senatum
874 3013 1045 3078 Romanum
1062 3035 1096 3076 ea
1110 3034 1161 3077 res
1179 3015 1360 3097 pertinebat.
1403 3016 1444 3079 Et
1458 3016 1621 3100 respondet
1642 3017 1724 3082 sena·

723 3129 792 3191 tus,
815 3120 851 3183 de
867 3117 1013 3205 obfidibus
1023 3116 1059 3201 se
1071 3122 1200 3203 amplius
1213 3118 1464 3185 deliberaturum:
1483 3143 1557 3185 max
1574 3144 1670 3203 vero,
1689 3136 1725 3191 nt

724 3228 816 3290 docet
829 3226 977 3308 Polybius
991 3248 1056 3310 cap.
1071 3227 1131 3311 seq.
1145 3225 1321 3311 remiserant
1333 3228 1501 3311 Spartanis
1520 3228 1650 3316 obfides,
1672 3251 1713 3299 ear

723 3332 1034 3419 cpmdbffldrfflm
1691 3368 1695 3373 ·

786 3437 866 3503 Ibid.
880 3433 928 3521 anri
945 3438 1003 3501 raia
1022 3441 1135 3517 κωμῶν.
1178 3443 1320 3506 Alterum
1341 3444 1472 3525 petitum
1490 3452 1557 3509 erat
1576 3443 1615 3508 de
1630 3447 1728 3530 pagis

726 3545 776 3606 vel
790 3545 826 3608 de
841 3547 942 3609 vicis.'
968 3545 1061 3610 Possis
1077 3548 1169 3611 etiarn
1183 3546 1219 3611 de
1236 3550 1354 3630 oppidis
1369 3562 1509 3623 vertere,
1545 3570 1619 3614 nam
1638 3556 1729 3638 appl-

726 3651 802 3712 dum
818 3671 881 3713 non
895 3655 1046 3717 munitum
1056 3646 1157 3738 κώμην
1170 3655 1273 3719 Graeci
1286 3658 1401 3722 dicunt.
1414 3656 1546 3721 rombli.
1562 3673 1660 3740 rm
1675 3660 1727 3724 sed

724 3754 757 3817 id
779 3757 902 3836 quidem
922 3780 985 3821 non
1008 3781 1174 3826 moramur.
1204 3763 1338 3838 Quinam
1360 3782 1434 3826 vero
1454 3761 1512 3827 lint
1529 3763 1562 3835 hi
1580 3758 1657 3840 vici,
1691 3764 1729 3833 dr

730 3862 803 3942 quid
818 3863 856 3924 de
869 3864 930 3928 illis
947 3868 1092 3948 petierint
1105 3891 1123 3931 a
1137 3869 1241 3933 senatu
1262 3870 1403 3934 Romano
1416 3871 1512 3954 legati
1528 3870 1733 3937 Lacedaemo'

725 3968 859 4045 niornm,
880 3972 1063 4057 intelligitur
1075 3996 1113 4037 ex
1128 3976 1174 4039 eis
1189 3996 1260 4057 quae
1275 3977 1342 4059 post
1354 3973 1433 4040 fasta
1448 3997 1529 4039 anno
1544 3977 1615 4059 556.
1632 3980 1729 4047 tradit

728 4072 840 4136 Livius
855 4075 1034 4146 XXXVlll.
1051 4100 1092 4161 30
1100 4082 1159 4165 seq.
1202 4082 1328 4146 Scilicet
1344 4082 1378 4145 Τ.
1392 4081 1567 4167 Quintiae,
1585 4105 1681 4169 qam
1694 4087 1730 4149 in

725 4179 809 4243 bello
825 4202 895 4247 cum
911 4185 1029 4250 Nabide
1046 4209 1126 4250 anno
1145 4204 1216 4270 559.
1236 4190 1399 4253 maiitiam
1411 4210 1475 4254 aroe
1491 4190 1602 4273 oppida
1616 4192 1729 4271 οωιὶσ,

728 4304 800 4368 quae
814 4289 940 4352 ditionis
953 4292 1259 4360 lacedaemoniorum
1274 4297 1409 4371 inerant,
1440 4300 1557 4378 partim
1572 4308 1654 4364 areta
1672 4304 1730 4364 aad

728 4393 761 4456 ai
776 4392 905 4478 cepiffet,
930 4399 1008 4476 (liv.
1017 4399 1166 4468 XXXIV.
1181 4403 1248 4486 29.)
1268 4400 1308 4469 td
1322 4401 1467 4484 optilam
1477 4405 1581 4477 etiam,
1603 4417 1735 4490 portam

627 4580 630 4587 Ι
728 4499 1108 4587 Lacedaemoniorum
1119 4508 1298 4577 deditionem
1311 4504 1478 4594 accepiffato
1497 4512 1617 4601 castalia
1628 4513 1733 4579 maia

1556 4832 1691 4907 ς’.
