4542 5500
682 629 789 688 xm,
985 557 1392 702 nunnrimrn

681 786 784 889 frugis
804 792 996 864 continebat.
1056 796 1236 892 Georgium
1257 821 1385 896 quoque
1404 793 1608 889 Syncellirm,
1633 792 1734 895 quod*

531 939 535 948 ·
681 900 710 967 is
724 919 856 966 mancus
868 920 905 968 ac
918 895 1001 968 lacer
1013 915 1098 981 erat,
1122 924 1224 998 neque
1237 898 1340 970 ullum
1351 926 1393 971 ex
1406 894 1629 994 ejuseditiom
1648 925 1722 1000 opt·
1746 947 1749 952 ·
1763 939 1768 944 ·

685 1024 727 1076 ra
743 1004 882 1097 pretium
901 994 972 1076 fore
992 996 1160 1084 videbam,
1189 996 1301 1073 itidem
1324 998 1517 1099 practermili.
1569 995 1740 1082 Ceterum

683 1105 720 1174 in
734 1106 867 1185 Graeco,
887 1124 923 1175 ut
938 1122 1064 1187 vocant,
1089 1121 1190 1187 textit,
1212 1103 1311 1176 multa
1323 1100 1394 1177 sunt
1406 1106 1529 1184 anobis
1542 1100 1726 1194 emendata,

621 1232 623 1237 ·
685 1206 839 1286 nonnulla
853 1211 950 1278 etiam
964 1202 1073 1300 addita
1085 1234 1122 1277 ac
1137 1203 1294 1306 suppleta,
1318 1203 1490 1308 prasertim
1506 1209 1546 1292 ex
1561 1202 1668 1280 Suidz
1681 1207 1725 1281 le-

686 1320 772 1388 xico.
825 1317 953 1411 Quippe
976 1314 1030 1383 hic
1056 1316 1285 1406 grammaticus
1304 1339 1381 1386 cum
1400 1330 1502 1386 cetera
1524 1310 1737 1389 Constantini·

686 1415 783 1493 nostri
799 1415 992 1488 colledanea
1007 1409 1143 1484 studiose
1157 1411 1286 1512 legerat,
1297 1420 1392 1508 (vixit
1407 1420 1494 1486 enim
1508 1440 1604 1513 paene
1612 1407 1741 1488 iisdem.

687 1522 903 1619 temporibus,
932 1537 967 1589 ut
980 1510 1113 1613 ipsemet
1134 1520 1237 1587 innuit
1256 1522 1290 1588 in
1304 1539 1333 1588 n.
1348 1504 1485 1616 Ἀδοὶμ)
1509 1538 1580 1588 tum
1599 1542 1640 1588 ex
1660 1519 1742 1618 hoc¹

687 1643 912 1721 excerptorum
926 1621 1003 1718 πἐςὶ
1021 1616 1159 1719 'neeric
1172 1614 1227 1713 aui
1236 1623 1369 1708 Κακῒας
1380 1621 1465 1692 libro
1475 1619 1612 1718 plurima
1625 1621 1726 1691 iriLe-
1756 1675 1760 1682 .

687 1732 800 1802 xicom
816 1720 907 1799 suum
929 1723 1082 1814 coniecit,
1107 1717 1285 1822 suppresso,
1307 1742 1342 1795 ut
1357 1718 1453 1806 solet,
1476 1724 1646 1796 mdiorum
1667 1721 1725 1796 ub·

674 1834 786 1903 ·inine.
851 1823 988 1907 Proinde
1009 1832 1043 1897 ὅ(
1062 1824 1190 1900 Fulvius
1211 1824 1343 1918 ¹Vriinus
1367 1852 1469 1912 exeo
1492 1821 1597 1897 Suidae
1619 1825 1727 1899 lexico'

687 1933 788 2005 multa
807 1930 932 2021 Polybii
945 1925 1125 2026 fragmenta
1140 1926 1289 2026 collegit,
1321 1955 1390 2004 non
1405 1956 1445 2001 ex
1459 1924 1516 2001 ms.
1538 1923 1660 2006 codicis
1672 1937 1726 2001 aiu

688 2039 851 2117 ilaritate,
872 2051 907 2103 ut
926 2025 1288 2130 putavitcalaubonue,
1311 2026 1366 2103 sed
1385 2027 1451 2106 sola
1471 2033 1654 2127 conjeeiura
1672 2025 1727 2106 ad·

689 2136 824 2221 deeius,
848 2142 883 2209 ἀ
900 2132 1019 2212 iudicio
1034 2132 1123 2226 styli,
1141 2139 1200 2234 -qui
1218 2127 1431 2227 Polybianum
1451 2133 1529 2238 quid
1548 2131 1666 2207 referre
1681 2137 1727 2206 vi·
1752 2133 1755 2138 ’

689 2240 829 2315 debatur.
883 2244 1083 2336 Argoniento
1107 2234 1162 2323 sit,
1190 2236 1278 2336 quod
1300 2237 1399 2311 multa
1422 2238 1561 2330 Polybio
1582 2236 1735 2335 alligent:

626 2429 628 2434 Ι
688 2372 757 2445 qua:
770 2343 895 2413 alterius
908 2344 1045 2415 autloris
1058 2334 1148 2412 sunt:
1167 2360 1204 2412 ot
1216 2367 1290 2412 curn
1301 2367 1377 2414 emn
1390 2333 1515 2425 locum,
1528 2345 1591 2443 =qui
1606 2335 1732 2414 aSoide

688 2444 834 2521 laudator
846 2451 880 2514 in
891 2438 1210 2543 Ἀποχξησοίμενσς,
1231 2445 1339 2516 tribuit
1352 2444 1511 2537 Polybio,
1543 2448 1598 2545 qui
1617 2464 1729 2518 tamen
1756 2477 1768 2566 p

689 2549 736 2623 est
761 2556 886 2620 iommis
905 2551 1121 2631 Antiocheni',
1157 2565 1302 2648 extatque
1325 2553 1361 2620 in
1379 2553 1440 2623 hec
1459 2542 1602 2625 editione
1621 2545 1730 2626 nostre
1759 2569 1768 2628 -ῑ

690 2669 858 2755 pag.838.
873 2655 951 2722 item
970 2677 1048 2723 cum
1067 2649 1200 2727 altemm
1220 2645 1332 2722 locinn
1353 2647 1484 2724 aSuida
1501 2646 1730 2724 additurum

689 2744 846 2839 (bardior,
870 2752 976 2827 eidem
996 2753 1133 2845 Polybio
1153 2751 1313 2844 vindicat3
1343 2775 1375 2831 at
1395 2761 1420 2827 is
1440 2753 1485 2827 est
1507 2752 1668 2828 desumtus
1687 2779 1730 2826 ex

688 2864 802 2941 Iuliani
816 2878 894 2930 orat.
905 2884 936 2941 ς.
986 2861 1040 2929 Sic
1053 2861 1150 2928 etiarn
1165 2850 1340 2944 lecusllle,
1366 2887 1462 2959 quem
1478 2853 1682 2933 Casaubonue
1694 2861 1730 2928 in
1766 2874 1768 2943 j

689 2961 879 3062 fragmentis
899 2960 1024 3053 Polybii
1045 2988 1076 3060 p.
1093 2986 1195 3033 rora.
1221 2957 1262 3035 de
1281 2959 1532 3063 Philopoemene
1558 2960 1731 3045 intellexit,

691 3068 816 3159 Polybii
830 3064 923 3137 nullo
937 3060 1041 3136 modo
1054 3062 1110 3147 eii,
1132 3058 1185 3136 sed
1198 3065 1343 3162 elogium
1357 3064 1402 3138 est
1409 3064 1528 3137 Valerii
1541 3062 1732 3162 Poplicolae,

689 3196 730 3242 ex
750 3165 899 3260 Dionysii
912 3168 1073 3242 Halicarn.
1089 3166 1142 3238 lib.
1151 3172 1192 3241 V.
1245 3173 1313 3239 Iam
1331 3167 1422 3240 locus
1445 3167 1497 3239 ille
1509 3164 1557 3243 ,de
1573 3160 1732 3240 Cretensi·
1760 3180 1768 3207 '

690 3274 766 3357 bus,
792 3299 822 3370 p.
838 3295 942 3357 1013.
956 3270 1001 3344 eil
1015 3298 1056 3342 ex
1070 3268 1211 3344 Diodori
1223 3271 1321 3343 Siculi
1335 3270 1495 3369 legatione
1507 3270 1628 3348 ultima.
1668 3269 1732 3342 lbi·

689 3374 766 3449 dem
784 3373 824 3447 de
836 3368 1018 3450 Mananffa
1030 3373 1119 3447 locus
1131 3372 1177 3446 est
1196 3400 1236 3447 ex
1251 3379 1391 3473 Appiani
1414 3375 1548 3467 Lybico.
1597 3370 1733 3455 Horum
1758 3382 1762 3393 '

589 3482 594 3491 '
689 3476 949 3553 doetiffinorum
972 3483 1117 3548 viromm
1139 3503 1232 3548 exem
1257 3476 1308 3561 10,
1344 3474 1492 3577 quaedam
1517 3475 1644 3568 Polybii
1669 3471 1734 3549 fra·

689 3601 822 3683 ginenta
834 3576 1078 3680 haudquaquam
1091 3504 1286 3677 spernenda,
1318 3605 1359 3651 ex
1373 3576 1478 3655 suidae
1498 3578 1604 3653 lexico
1618 3574 1735 3673 adjeci·

688 3712 780 3769 mus,
803 3710 872 3785 quae
886 3703 975 3759 erant
992 3683 1032 3762 ab
1053 3678 1126 3780 ipsu
1135 3679 1360 3857 lpraetermiffa
1412 3690 1450 3757 ln
1466 3684 1579 3783 quibus
1602 3678 1627 3753 li
1647 3673 1735 3753 fort'e

558 3870 563 3892 Ι
689 3815 750 3861 nos
772 3787 954 3880 conjectura
976 3783 1082 3859 nossra
1102 3779 1134 3857 fe
1150 3785 1233 3872 ellit,
1276 3813 1354 3859 cum
1371 3790 1497 3886 ungitis
1514 3788 1588 3856 viris
1609 3776 1735 3870 emilie,

688 3894 905 3995 patrocinium
918 3893 976 3965 erit
991 3888 1111 3986 culpae.
1200 3908 1202 3912 ’
1659 3888 1667 3905 “

701 4042 706 4056 ’
765 4032 930 4133 Superest,
948 4052 984 4103 ut
997 4027 1038 4104 de
1051 4026 1312 4129 interpretatione
1325 4059 1397 4105 mea
1410 4060 1447 4111 ae
1460 4035 1556 4108 Notis
1569 4058 1669 4133 pauca
1687 4028 1737 4103 di-

688 4164 772 4217 cam.
823 4139 1115 4235 fragmentorum
1142 4154 1280 4234 renupta
1293 4129 1384 4208 series
1400 4164 1556 4234 magnam
1571 4136 1744 4234 interpreti

688 4238 909 4314 difficultatem
920 4234 1032 4310 afferat
1046 4160 1169 4308 necffle
1184 4238 1236 4309 est.
1288 4242 1417 4311 Etenim
1430 4267 1507 4310 cmn
1520 4234 1622 4310 sensus
1640 4248 1735 4336 (prat-

688 4350 783 4442 c'ipue
801 4349 834 4414 in
856 4341 993 4413 historiis
1015 4367 1123 4412 remm
1142 4337 1316 4438 gestarum)
1328 4339 1396 4415 fere
1417 4369 1458 4414 ex
1475 4340 1735 4414 antecedentibus

587 4462 591 4471 “
687 4444 843 4554 pendeat,
871 4441 1046 4549 auuffisiis
1066 4441 1198 4520 difficile
1217 4441 1262 4517 est
1283 4465 1429 4523 mentem
1449 4447 1587 4520 audieris
1615 4439 1736 4624 aiseppi

1637 4573 1685 4648 po
1710 4572 1738 4618 e.
