4542 5500
566 575 578 596 ⁸
708 595 977 673 mussona
1011 587 1466 674 suueutnsorttn.
1529 617 1634 669 xm

579 791 719 887 quirere.
762 785 835 858 Nec
851 784 963 860 desunt
973 795 1027 889 qui
1045 792 1106 861 hac
1122 795 1244 865 ratione
1256 788 1480 862 immortalem
1494 747 1638 882 gloriam

581 885 773 991 consequuti
792 886 874 962 sunt.
926 896 1007 963 Haec
1028 899 1116 964 enim
1141 891 1201 966 nist
1223 891 1306 966 salva
1320 892 1400 978 lint,
1438 909 1486 961 tot
1499 886 1638 986 populo·

582 1019 660 1064 rum
671 992 780 1092 gella,
800 1013 849 1065 tot
866 1001 1028 1089 majorum
1042 996 1229 1070 nostrorum
1242 993 1339 1069 sonia
1353 992 1455 1079 faria,
1477 1012 1577 1062 tantas
1590 1015 1638 1061 re·

583 1094 920 1181 rumvicillitudines‚
951 1095 1035 1170 adeo
1056 1105 1158 1172 varias
1177 1101 1427 1200 &multiplices
1449 1118 1638 1194 temporum

583 1206 800 1290 mutationes,
826 1219 893 1273 tam
907 1198 1048 1274 diversos
1061 1208 1208 1301 gentium
1225 1229 1334 1276 mores
1350 1211 1384 1277 ἀ
1401 1209 1496 1284 ritus,
1521 1216 1570 1268 tot
1589 1222 1639 1268 re·

584 1329 729 1405 gnorum
750 1299 952 1391 eversiones,
984 1302 1111 1395 caedes,
1145 1306 1288 1405 strages,
1318 1304 1453 1388 clades,
1485 1298 1638 1386 confilia,

586 1403 691 1494 casus,
713 1407 876 1508 pericula,
896 1427 944 1479 tot
957 1412 1120 1481 bononrm
1139 1415 1242 1483 Princi
1268 1419 1325 1482 t'un
1346 1416 1495 1489 virtutes,
1518 1411 1552 1475 ἀ
1576 1409 1638 1474 im·

584 1513 770 1612 proborum
787 1516 882 1595 sitia,
906 1529 957 1581 tot
979 1534 1051 1585 ante
1072 1517 1220 1586 adiorum
1239 1438 1419 1586 leculorum
1438 1505 1568 1583 uisendi
1589 1533 1637 1576 ra·

586 1621 729 1698 tionem,
752 1613 847 1686 nullo
860 1612 965 1686 modo
977 1611 1054 1698 scire
1067 1613 1242 1717 pollumus.
1282 1617 1441 1718 Planeque
1460 1608 1502 1683 de
1516 1606 1638 1709 sapien-

586 1724 637 1790 tiae
650 1717 785 1790 officina
799 1722 834 1790 ἀ
853 1722 925 1789 vitae
937 1718 1087 1817 magistra
1108 1718 1292 1821 virtutisque
1311 1741 1461 1819 parente,
1482 1714 1639 1798 Historia,

584 1823 696 1895 astum
716 1815 782 1896 elie
796 1818 963 1906 videmus,
985 1821 1044 1894 nist
1058 1830 1125 1918 ejus
1136 1831 1262 1923 generis
1274 1829 1421 1898 authores
1433 1818 1544 1894 sedulo
1560 1843 1638 1889 con·
1673 1845 1678 1856 ·

583 1920 752 1998 ser-rentur
769 1928 806 1998 ἀ
820 1920 1133 2029 custodiantur„qui
1150 1954 1199 1999 res
1210 1932 1355 2027 antiquas
1372 1926 1506 2026 posteris
1526 1915 1638 2022 prodi·

582 2025 724 2204 pdffimt,
763 2033 799 2101 ἀ
818 2046 962 2102 veterem
980 2029 1117 2103 hilloriae
1135 2036 1332 2105 memoriam
1353 2025 1637 2106 literis'reaovare

660 2150 784 2204 {lemnia

662 2283 817 2380 Qorum
827 2302 873 2349 ex
887 2271 1109 2378 numero'fuit
1121 2283 1155 2351 ἀ
1175 2280 1229 2351 hic
1243 2277 1398 2372 Polybius
1413 2271 1636 2376 Megalopoli·

583 2403 705 2467 tanus,-
717 2379 857 2454 ltilloriae'
870 2399 939 2454 tam
953 2405 1064 2478 graecae
1078 2408 1177 2483 quarn
1190 2382 1296 2455 latinae
1310 2380 1405 2455 facile
1417 2386 1637 2482 principatum

585 2487 756 2570 obtinent,
778 2480 803 2556 st
820 2490 932 2558 omnia
945 2491 1012 2580 ejus
1026 2481 1140 2583 scripta
1155 2483 1195 2557 ad
1209 2493 1404 2559 memoriam
1418 2483 1563 2558 nollram
1576 2477 1637 2570 l'al·

584 2619 626 2664 vt
638 2582 863 2692 pervertissent.
915 2593 1126 2681 Vtiturhujus
1143 2587 1333 2662 testimoniis
1347 2616 1415 2662 non
1433 2615 1525 2674 rare,
1547 2580 1635 2685 apud

585 2697 745 2780 Graecos,
778 2687 953 2793 prasertim
975 2691 1187 2779 Plutarchus,
1215 2692 1303 2794 apud
1325 2698 1456 2767 Latinos
1474 2718 1552 2764 vero
1571 2685 1634 2763 srei

583 2794 795 2902 quentiliune
804 2800 927 2882 Liuius,
945 2799 1059 2871 crebro
1072 2802 1169 2868 etiam
1183 2797 1315 2884 Plinius,
1335 2794 1460 2891 adjeela
1472 2796 1541 2868 fere
1554 2790 1636 2867 sem·

585 2928 645 3004 per
658 2899 839 2975 honorifica
853 2904 996 2974 nominis
1010 2906 1078 2994 ejus
1089 2906 1262 2975 mentione.
1310 2905 1361 2974 Ex
1375 2927 1440 3002 quo
1453 2926 1521 2973 non
1533 2894 1638 2971 obesae

586 3010 674 3082 natis
694 3002 800 3078 leclor
817 2999 915 3075 facile
933 3002 1089 3077 estimare
1108 3004 1237 3104 potell,
1290 3027 1417 3106 quanta
1436 3008 1635 3078 authoritatis

555 3142 560 3163 ·
586 3108 676 3211 apud
696 3104 814 3180 dottos
832 3101 958 3207 semper
977 3109 1102 3185 habitus
1122 3105 1161 3179 lit
1177 3108 1342 3201 Polybius.
1395 3113 1539 3192 Verum,
1565 3132 1637 3207 quae

587 3219 656 3309 ejus
676 3209 776 3287 fuerit
800 3208 959 3300 eruditio,
999 3220 1035 3286 ἀ
1058 3217 1092 3283 in
1113 3208 1278 3284 scribenda
1296 3210 1439 3284 Hilloria
1464 3212 1637 3311 elegantia,

587 3312 689 3403 fides,
719 3321 756 3389 ἅ
771 3307 960 3413 diligentia,
996 3311 1124 3388 abunde
1141 3316 1324 3413 probabunt
1338 3320 1405 3411 ejus
1425 3317 1517 3400 libri,
1554 3340 1636 3415 quos

587 3418 696 3497 adhue
717 3420 849 3521 sintina
867 3425 904 3491 dt
915 3424 1043 3493 interitu
1062 3420 1219 3491 habemus
1235 3416 1420 3518 superstites.
1490 3423 1637 3492 Atenitn

588 3544 749 3629 quantum
763 3524 890 3613 jatrum
902 3529 1013 3596 ceteris
1026 3527 1120 3615 hujus
1135 3523 1223 3594 libris
1238 3522 1358 3596 arniihs
1377 3520 1568 3608 fecerimus,
1593 3546 1637 3595 ex

589 3624 736 3724 eiusdem
749 3631 832 3712 vita,
852 3652 951 3727 quam
971 3654 1011 3700 ex
1032 3626 1130 3700 Suida
1152 3626 1247 3698 libuit
1265 3632 1298 3697 in
1312 3632 1377 3699 hoc
1399 3623 1505 3725 ipsum
1520 3621 1637 3697 adseri*

589 3734 684 3818 bere,
721 3728 807 3803 clare
832 3732 960 3829 patebit.
1012 3733 1074 3802 His
1096 3735 1185 3802 enirn
1205 3731 1307 3802 verbis
1323 3734 1439 3801 author
1459 3728 1516 3801 ille
1536 3726 1638 3802 nostri

589 3830 720 3929 Polybii
735 3838 1150 3935 commeminit,inquiens:
1172 3828 1356 3921 Πολύβιος,
1376 3830 1486 3909 Λύκου
1502 3835 1530 3922 d)
1557 3827 1637 3924 vtis,

589 3934 664 4016 uitri
680 3930 859 4033 Μεγόλης
872 3932 1007 4013 πὸλεως
1026 3939 1090 4025 rtis
1113 3926 1317 4038 ’Apsoda
1346 3931 1638 4031 καθηγηῖσάμενοσ

591 4040 773 4120 Σκιπίωνος
788 4040 850 4116 τοῦ
862 4038 1087 4141 ’Λφςικανοῧ,
1113 4033 1172 4116 ’ὅτε
1190 4038 1246 4138 nel
1262 4038 1446 4117 Παναίτιος
1464 4038 1480 4114 o‘
1498 4036 1639 4138 φιλὸσο·

591 4156 658 4243 (pes
673 4139 842 4240 γεγονώς,
863 4142 968 4220 κατὰ
979 4147 1193 4244 Πτολεμαῖον
1208 4141 1265 4220 τᾶν
1284 4142 1523 4230 ἐπικληθέντα
1538 4144 1648 4247 5¹3⁸?-

591 4251 704 4345 νέην.
747 4236 871 4326 ¹Oio'oc
884 4247 1026 4351 ἔγραψε
1042 4246 1103 4338 τὴν
1120 4244 1259 4350 μακράν
1274 4245 1436 4351 Ἱστορίαν
1457 4246 1638 4349 ‘Permittit

1605 4385 1639 4432 tt

640 4535 829 4665 §lmese
843 4500 888 4597 vil
907 4532 1033 4612 Λυκόρτα
1045 4530 1210 4597 scribendum
1226 4518 1329 4594 dudunt
1343 4529 1474 4595 monitum
1493 4536 1529 4594 eii
1542 4557 1559 4596 a
1573 4540 1638 4596 sirit
