4542 5500
853 652 913 700 ao
935 653 1088 703 roura.
1110 653 1176 701 xx.
1205 641 1276 703 ra'
1333 691 1335 696 .
1505 651 1571 727 419

570 797 706 867 &vicos
727 801 792 885 rjus
811 821 874 869 ora
892 807 923 869 in
929 804 1026 902 fidem
1042 807 1223 890 tutelamque
1244 806 1424 873 Actaeorum
1439 807 1572 875 tradide-
1589 787 1720 904 §If-ss,-

568 918 641 984 rut,
667 913 773 994 quibus
789 913 862 975 uicis
879 920 969 996 atque
984 913 1105 998 castellis
1125 914 1270 1000 abstinere
1289 934 1328 976 rx
1344 912 1462 991 saarim
1480 914 1571 982 Lace·

568 1013 710 1079 damuati
732 1014 879 1083 deberent.
921 1015 998 1082 Eam
1019 1020 1231 1083 conditionem
1254 1022 1339 1104 pacis
1363 1017 1569 1101 aFiaminino
1620 1093 1625 1097 ,

566 1105 1568 1209 proconsuieNabididataepraeterieratduidembiviusXXXiV.

568 1244 621 1310 35.
654 1229 704 1293 scd
725 1252 763 1292 ex
777 1229 959 1296 XXXVIII.
979 1249 1030 1312 3¹·
1053 1251 1104 1294 res
1128 1232 1196 1295 satis
1218 1236 1352 1314 adparet.
1400 1235 1571 1316 Receperat

566 1337 695 1417 quidem
716 1337 840 1400 interim
864 1357 943 1400 anno
960 1337 1030 1418 562.
1050 1334 1146 1402 Nabis
1167 1336 1337 1421 Gythiurn,
1367 1340 1415 1402 sed
1433 1363 1450 1403 a
1473 1338 1570 1406 Philo·

565 1461 738 1525 paemene,
761 1443 948 1507 Achaeorum
963 1455 1114 1528 praetore‚
1129 1444 1231 1508 rursus
1246 1446 1317 1508 inde
1334 1447 1451 1528 pulsus,
1472 1448 1504 1511 dr
1519 1452 1571 1513 da·

569 1548 698 1613 bilitatis
715 1571 750 1613 ac
764 1571 861 1635 prope
875 1550 978 1615 iratiis
993 1551 1107 1614 viribus
1123 1551 1153 1613 in
1170 1552 1276 1614 urbem
1285 1549 1420 1633 Spartam
1438 1555 1571 1619 inclussra
1591 1623 1599 1635 ,

571 1665 651 1718 erat.
688 1655 756 1719 Liv.
764 1657 899 1724 XXXV.
915 1676 952 1738 25
963 1696 972 1711 ·
982 1671 1032 1737 30.
1076 1653 1197 1721 Eodem
1210 1678 1284 1723 vero
1300 1659 1392 1722 etiam
1405 1680 1504 1735 anno,
1526 1664 1571 1724 in·

569 1759 705 1825 terfedio
719 1763 756 1827 ab
769 1766 891 1830 Aetolis
906 1761 1044 1843 Nabide,
1065 1762 1292 1828 Lacedaemonii
1310 1766 1449 1847 quidem,
1471 1766 1570 1829 Philo·

565 1870 730 1951 poemenis
750 1873 891 1934 oratione
910 1869 1078 1946 commoti,
1098 1871 1169 1953 (qui
1188 1880 1263 1936 tunc
1285 1870 1462 1953 magistratu
1484 1873 1565 1935 abie-

563 1975 650 2052 rat,)
674 1976 811 2040 societati
831 1978 1022 2041 Acnaeorum
1042 1976 1072 2039 ie
1087 1961 1307 2058 adjunxerunt3
1329 1974 1416 2049 (biv.
1426 1977 1561 2044 XXXV.

564 2081 692 2163 35-37.)
712 2082 760 2146 sed
777 2085 941 2167 reiciatque
963 2083 1084 2148 castella
1101 2103 1167 2146 orae
1180 2082 1359 2157 maritimae,
1388 2101 1458 2165 quae
1473 2085 1505 2146 in
1519 2096 1565 2149 tu·

563 2189 626 2250 tela
642 2188 829 2253 Achaeorum
843 2201 946 2266 erant,
967 2192 1012 2253 eis
1030 2210 1091 2252 non
1111 2190 1180 2253 sunt
1198 2189 1327 2252 reddita.
1370 2188 1491 2254 Idcirco
1507 2191 1566 2254 Ro·
1690 2217 1695 2228 ·

563 2315 648 2356 mam
661 2296 781 2378 legatos
796 2296 942 2359 miserunt
957 2296 1201 2370 Lacedaernonii,
1222 2299 1274 2378 qui
1289 2309 1432 2380 peterent
1452 2295 1564 2360 asena·

564 2410 617 2474 tu,
639 2420 690 2476 ut,
713 2404 856 2482 quoniam
872 2402 991 2465 occisus
1005 2416 1071 2465 erat
1087 2402 1180 2480 Nabis
1195 2414 1362 2485 tyrannus,
1383 2401 1417 2466 dt
1433 2399 1484 2481 ipfi
1500 2402 1568 2465 foe·

564 2508 633 2570 deri
651 2509 837 2571 Achaeorum
853 2509 949 2572 essent
962 2507 1104 2591 adjundii,
1126 2509 1291 2584 imperaret
1308 2510 1428 2572 senatus
1441 2508 1568 2591 reliquis

560 2614 711 2690 Achaeis,
746 2625 780 2677 ut
801 2617 882 2679 vicos
906 2612 945 2682 &²
962 2616 1077 2701 castella
1103 2633 1165 2677 ora
1183 2617 1361 2692 maritima,
1389 2613 1567 2677 uRomanis

561 2722 640 2784 oiim
662 2722 769 2785 Nabidi
784 2724 920 2795 ademta,
947 2721 980 2787 dt
1002 2725 1032 2787 in
1051 2721 1237 2785 Acbaeorum
1257 2720 1349 2785 iidem
1375 2721 1566 2804 tutelamque

558 2831 692 2898 tradita,
712 2828 773 2913 fibi
786 2829 1057 2906 (Lacedaemoniis)
1070 2847 1147 2892 nunc
1167 2826 1439 2923 restituerentkln
1459 2831 1569 2891 eadem

557 2955 636 2999 vero
651 2937 803 3017 petitione
820 2935 856 2998 de
869 2937 943 2998 uicis
956 2937 1104 3017 agebatur
1121 2932 1240 2996 fortaiie
1255 2934 1348 2997 etiam
1363 2935 1401 2997 de
1414 2934 1566 2998 exsulibus
1713 2926 1730 2955 “’
1741 2952 1767 3053 p

555 3039 737 3125 Spartanis,
760 3045 811 3123 qui
829 3041 880 3105 sub
897 3043 1085 3105 Acbaeorum
1098 3040 1194 3105 tutela
1210 3040 1251 3102 ibi
1268 3041 1452 3105 habitabant.
1481 3037 1564 3106 Vide

556 3162 666 3212 notata
685 3149 721 3210 ad
735 3148 809 3211 veri.
826 3166 842 3230 3
858 3147 891 3212 δι
906 3163 937 3228 4.

626 3251 715 3335 Vers.
731 3269 757 3329 ς.
784 3255 948 3338 Respondit
966 3252 1107 3327 senatus,
1137 3251 1173 3316 de
1191 3253 1265 3316 uicis
1286 3248 1348 3316 tuta
1367 3245 1515 3316 mandata
1526 3248 1562 3336 se
1589 3237 1658 3299 rat
1676 3247 1700 3309 i·

556 3362 705 3427 datarum
720 3363 830 3443 legatis
840 3360 993 3435 Romanis,
1006 3360 1058 3442 qui
1067 3357 1254 3422 indractum
1269 3354 1356 3442 effert
1370 3359 1561 3446 miffl,(coui›
1667 3434 1675 3449 ,

557 3446 714 3533 notataad
731 3468 804 3530 vers.
818 3470 862 3544 r.)
874 3488 1004 3550 quorum
1027 3467 1057 3527 in
1078 3485 1208 3527 numero
1230 3464 1269 3527 Τ.
1290 3460 1456 3538 Quinstio's
1469 3477 1561 3548 erat,
1606 3499 1611 3508 =

556 3552 640 3641 idem
660 3575 713 3656 qui
728 3574 840 3637 beilum
861 3594 931 3637 cum
945 3572 1082 3653 Philippo
1097 3583 1168 3633 aute
1181 3571 1298 3651 aliquot
1307 3591 1404 3635 annos
1419 3562 1577 3693 conte*

556 3695 611 3746 rat.
655 3678 702 3742 Ea
716 3683 754 3743 de
771 3702 804 3742 re
817 3681 895 3743 haud
911 3680 1003 3764 dubie
1019 3679 1129 3741 deinde
1143 3673 1245 3739 astum
1259 3677 1302 3740 est
1318 3677 1349 3739 in
1364 3680 1477 3741 eodem
1488 3658 1581 3743 cuii?

555 3783 628 3853 cilio
637 3788 828 3851 Achaeorum
842 3790 881 3850 de
894 3806 957 3870 quo
967 3780 1231 3848 LiviusXXXVi.
1242 3799 1290 3862 35.
1300 3783 1446 3865 loquitur,
1456 3804 1560 3866 quam·

555 3895 647 3979 qoam
666 3894 756 3977 hujus
776 3894 821 3956 rei
842 3913 904 3956 noa
929 3900 1081 3955 memorat
1098 3890 1256 3953 Romanus
1278 3889 1420 3973 scriptor,
1452 3892 1559 3974 quiin

554 4001 691 4067 Graeciae
714 4001 805 4062 rebus
822 3999 985 4081 Polybium
1005 3997 1128 4079 quidem
1147 3994 1243 4077 preiie
1262 3996 1398 4068 secutus,
1429 3997 1558 4062 sednon

553 4129 666 4172 omnes
683 4127 733 4169 res
746 4105 921 4170 adGraecos
936 4106 1126 4187 pertinentes
1138 4101 1180 4164 ita
1192 4101 1375 4178 minutatim,
1398 4115 1432 4165 ut
1446 4125 1463 4165 a
1479 4123 1558 4187 grae·

551 4237 593 4281 co
611 4213 759 4296 scriptore
775 4211 905 4286 fatiam,
928 4211 1106 4294 persecutus
1128 4207 1181 4272 est·
1202 4209 1248 4271 At
1263 4210 1293 4270 in
1306 4206 1558 4271 iiloAcbaeorum
1672 4222 1675 4229 ·

550 4324 690 4388 concilio
705 4320 781 4383 nihii
793 4321 832 4383 de
844 4339 881 4380 ea
897 4337 931 4381 re
946 4317 1021 4380 novi
1036 4318 1195 4379 decretura
1209 4314 1271 4379 este
1293 4315 1353 4378 vici
1367 4314 1424 4388 ilii,
1438 4317 1476 4377 de
1491 4315 1558 4396 qui·

548 4430 609 4495 bus
631 4428 805 4511 agebatur,
842 4444 914 4488 cum
941 4437 1008 4487 tota
1028 4442 1083 4484 ora
1105 4421 1280 4500 maritima,
1312 4419 1556 4484 Lacedaemoniis

548 4536 630 4603 oiim
643 4533 779 4605 ademtit
801 4516 928 4598 hir'uou
942 4531 1011 4595 sunt
1023 4527 1172 4701 regituti,
1199 4528 1250 4593 sed
1264 4527 1439 4593 manserunt
1457 4528 1489 4590 in
1502 4536 1555 4696 pp.

1092 4635 1112 4698 d
1129 4650 1155 4700 a
1488 4642 1502 4696 t
