4542 5500
711 605 770 653 nu
793 593 1278 674 nounn.xv111.9.to.'u.
1433 601 1502 670 ἐει
1609 595 1613 604 ’

944 705 952 724 “
1280 747 1283 754 .
1317 755 1321 762 ,
1365 699 1369 710 ’
1443 750 1447 758 ,
1521 698 1656 753 11⁸-

831 754 857 820 C
879 758 907 822 Α
928 755 953 821 P
973 755 1005 825 V
1024 756 1056 822 T
1106 759 1169 826 XI.
1522 756 1656 882 HJK]

572 908 611 972 V
606 905 660 991 tufi
679 925 705 969 1.
726 898 803 980 'Exti
820 901 851 968 δὲ
865 898 944 968 nurui
963 900 1087 989 privatin
1108 903 1197 993 ‘e'xttp
1215 904 1326 987 βίβλον
1340 904 1401 972 dte.
1443 899 1507 971 Nilt
1530 901 1642 982 ΜΛ·

530 1035 567 1075 us
582 1015 704 1098 prorsus
720 1033 801 1076 nunc
823 1012 901 1077 fallit
921 1015 1085 1092 memoria,
1114 1016 1271 1080 intercidit
1290 1017 1316 1077 Is
1330 1015 1417 1077 locus
1436 1014 1506 1076 libri
1543 991 1551 1006 .
1629 1015 1634 1021 '
1671 1003 1675 1010 ’

534 1122 600 1190 xti,
629 1120 679 1183 ubi
694 1120 772 1183 hanc
790 1117 1048 1203 Comparationem
1065 1132 1234 1185 artanturct
1253 1117 1291 1187 Θ
1309 1123 1382 1184 aciei
1395 1116 1506 1184 Rotna-

529 1248 550 1287 r:
574 1246 639 1288 rum
661 1223 853 1289 Macedonica
871 1227 1048 1309 promiserat
1069 1229 1223 1312 Polybius.
1270 1227 1318 1291 De
1338 1205 1503 1291 Codicibub

530 1336 615 1395 sstis
637 1329 759 1415 Regu.
780 1330 814 1396 t<
839 1328 958 1416 Regni.
979 1332 1031 1415 qui
1053 1354 1124 1397 cum
1144 1331 1291 1417 Reliquils
1312 1333 1380 1408 libri
1397 1319 1503 1399 vt&

529 1440 614 1502 rucis
637 1439 703 1500 aliis
721 1435 884 1522 Excerptis
906 1440 984 1503 hanc
998 1437 1210 1504 trustationem
1227 1439 1389 1515 exhibent,
1410 1421 1503 1521 quani

529 1567 541 1606 r
566 1546 646 1607 libro
668 1539 789 1609 XVIII.
811 1541 932 1627 Polybii
959 1546 1133 1629 decerptam
1157 1546 1278 1624 dicunt,
1312 1546 1444 1608 diximus
1471 1546 1504 1608 in

529 1652 597 1714 rael.
614 1652 650 1714 nd
666 1647 758 1715 Tom.
768 1650 808 1716 II.
821 1651 924 1734 p.8sq.
937 1649 969 1715 dr
983 1672 1012 1735 p.
1023 1651 1126 1736 t3seq.
1147 1650 1351 1716 AliiCodlces
1369 1652 1423 1732 (de
1438 1649 1503 1733 qul·

528 1778 563 1821 us
579 1758 650 1820 ibid.
664 1759 796 1821 diximus
816 1777 844 1840 p.
858 1756 980 1842 ¹osqq.)
994 1759 1046 1841 qui
1066 1756 1169 1822 omnia
1182 1758 1335 1842 Excerptn
1350 1759 1502 1840 Antiqua,

529 1884 579 1929 uae
601 1866 637 1928 ab
659 1863 725 1926 aliis
747 1865 783 1925 ad
802 1863 911 1938 librum
930 1861 1047 1929 XVIII.
1068 1864 1256 1941 reseruntur,
1279 1887 1296 1928 a
1317 1864 1405 1927 nobis
1426 1882 1501 1927 vero

528 1973 618 2036 artim
634 1972 671 2033 ad
685 1968 847 2035 lib.XVIl.
864 1973 972 2054 partim
989 1973 1024 2035 ad
1039 1969 1091 2034 lib.
1104 1967 1222 2039 XVIII.
1237 1970 1420 2040 relatasunu
1443 1987 1501 2053 pro

527 2077 655 2161 eliquiis
674 2076 742 2140 libri
755 2076 858 2145 XVII.
880 2078 1044 2153 venditant,
1065 2080 1222 2161 postquam
1236 2077 1503 2159 Comparationem

528 2207 584 2250 noc
597 2187 743 2250 Romanae
760 2185 836 2278 aciei
852 2204 922 2247 cum
940 2185 1138 2248 Macedonica
1158 2185 1209 2248 suo
1223 2184 1316 2260 loco,
1350 2187 1380 2248 in
1400 2182 1502 2249 media

528 2293 680 2356 erratione
694 2310 795 2355 rerum
811 2313 827 2351 a
841 2291 1012 2354 Flaminino
1024 2291 1191 2374 gestorum,
1212 2288 1351 2375 proxime
1367 2291 1432 2373 post
1447 2310 1501 2374 pu·

527 2420 579 2463 ‘nte
593 2400 629 2463 ad
638 2396 883 2481 Cynoscephalas
895 2395 1115 2479 expolitionem
1129 2397 1340 2473 exhibuerunt,
1362 2397 1502 2460 eumdem

527 2505 608 2569 ursos
622 2503 775 2568 deindein
791 2514 929 2566 extremo
945 2503 1053 2567 codice
1066 2502 1222 2587 separatim
1237 2503 1391 2578 exhibent,
1406 2500 1502 2566 veluti

526 2613 656 2696 {clogarn
673 2631 710 2672 ex
725 2609 803 2673 libro
816 2607 932 2675 XVIII.
947 2620 1144 2693 excerptam:
1172 2627 1231 2694 qua
1246 2611 1283 2672 de
1298 2630 1332 2672 re
1346 2608 1376 2672 in
1392 2611 1500 2672 eadem
1604 2625 1608 2632 '

526 2719 629 2784 ’raetar
640 2714 751 2780 ibidem
760 2711 1310 2799 monulrnus.ltaqueiucod.Vesont.
1325 2713 1501 2778 adhunclo·

528 2847 597 2901 um,
618 2825 669 2887 ubi
684 2825 716 2884 in
732 2823 870 2906 legitima
890 2825 1080 2887 connexione
1099 2843 1171 2886 cum
1192 2823 1307 2904 reliqua
1328 2823 1501 2884 narratione

526 2933 643 2995 ‚timum
661 2931 730 2992 haec
744 2931 906 3013 leguntur,
938 2929 1105 2994 moratoria
1126 2929 1278 3013 margine,
1303 2921 1450 3011 repreliu,
1471 2928 1503 2992 id
1538 2952 1544 2963 ·
1572 2912 1575 2917 ’

526 3037 571 3109 li,
590 3039 812 3120 supervacaneo
827 3037 895 3101 haec
916 3033 975 3101 else
989 3037 1050 3098 boe
1065 3037 1134 3099 loco
1150 3033 1182 3100 ἀ
1201 3034 1313 3109 aliena3
1336 3034 1375 3098 fic
1390 3053 1503 3116 nempe

525 3155 669 3209 tumuerat
682 3142 771 3227 isqui
783 3164 850 3206 eam
861 3153 966 3207 nutam
979 3140 1097 3226 adjecit,
1118 3140 1188 3223 quia
1202 3143 1308 3205 eedem
1323 3143 1353 3205 in
1363 3153 1504 3204 extremo

525 3253 621 3314 :odice
634 3262 832 3332 repetuntur,
861 3249 921 3313 hoc
936 3250 1043 3326 titulo,
1070 3244 1225 3326 Πολυβίου
1245 3251 1280 3311 dn
1295 3246 1349 3310 τοῦ
1361 3239 1503 3338 exiliere.

526 3378 544 3421 n
558 3354 635 3438 Reg.
642 3355 680 3421 G.
697 3378 773 3419 vero
788 3353 929 3419 torahaec
941 3351 1081 3437 mastatio
1088 3354 1226 3418 hocloco
1239 3348 1435 3437 praete'rmiffe
1449 3352 1505 3431 est,

525 3460 622 3527 ltnon
635 3462 733 3525 nil'rin
749 3461 812 3526 fine
825 3462 944 3527 codicis
956 3462 1134 3539 exhibetur,
1163 3461 1273 3524 eodem
1289 3460 1395 3539 titulo,
1415 3469 1450 3524 ut
1470 3461 1504 3525 iu

524 3568 636 3636 lelont.
659 3567 692 3634 δι
705 3570 782 3633 aliis.
849 3580 851 3585 '
1498 3582 1503 3591 “

576 3697 654 3762 ibid.
677 3693 725 3761 ἐπ’
738 3687 1062 3778 αὕτῶντῶνπραῖἷεων.
1105 3695 1176 3759 Plus
1196 3691 1357 3759 lemellnc
1375 3692 1507 3758 formula
1641 3684 1644 3691 ’

524 3806 621 3870 utitur.
645 3804 746 3881 'conl
765 3824 839 3866 mox
857 3823 924 3887 cap.
940 3821 993 3877 ιι,
1014 3819 1045 3882 7.
1098 3796 1156 3863 ria’·
1177 3797 1274 3868 αὐτῶν
1293 3798 1369 3886 Reg.
1383 3798 1420 3867 Ε.
1438 3820 1506 3884 per·

524 3932 630 3976 eram.

579 4011 663 4099 Vers.
677 4032 706 4081 2.
725 4014 841 4077 διδοῦσα
854 4008 1032 4097 τῆντᾶραν.
1073 4010 1144 4075 Hoc
1159 4013 1253 4078 nnioe'
1270 4030 1394 4089 verum,
1414 4023 1506 4098 atque
1516 4060 1519 4065 <
1531 4023 1653 4086 torto..

523 4121 554 4188 ie
565 4123 629 4206 jem
643 4121 716 4187 Reii
718 4122 789 4186 hius
802 4143 841 4185 ex
855 4119 1032 4202 coojcstum
1047 4118 1346 4203 corrigerejullerat.
1643 4098 1648 4111 ’

582 4246 700 4352 ΙῙινμ
727 4262 876 4353 χρήσιμον
896 4262 947 4353 arri
966 4260 1069 4330 xnliv.
1113 4264 1275 4349 Perperam
1295 4259 1442 4351 χρήσιμος
1461 4258 1511 4346 aui
1539 4282 1608 4342 vat
1622 4298 1648 4352 4.

523 4368 606 4447 rabie
620 4379 668 4439 ed.
680 4395 705 4441 t.
720 4399 789 4440 curn
808 4377 887 4440 Illcd.
902 4375 1020 4458 ttegffi.
1034 4392 1058 4437 1.
1072 4371 1143 4438 Vel.
1156 4392 1182 4436 1.
1196 4371 1229 4437 δι
1241 4371 1323 4439 Tub.
1336 4395 1361 4438 t.
1373 4374 1439 4453 (ubi
1452 4375 1511 4456 prI·
1646 4394 1650 4403 ’

523 4502 601 4551 nutu
615 4482 670 4548 suo
688 4481 797 4547 ordine
814 4484 847 4546 in
865 4483 914 4547 bis
933 4481 1091 4547 codicibus
1110 4479 1226 4564 legitor
1240 4480 1310 4546 haee
1324 4486 1450 4566 ecloga,
1469 4480 1512 4542 ibi
1531 4470 1544 4496 ⁸

1479 4604 1513 4648 m
