<?xml version="1.0" encoding="UTF-8"?>
<!DOCTYPE html PUBLIC "-//W3C//DTD XHTML 1.0 Transitional//EN"
    "http://www.w3.org/TR/xhtml1/DTD/xhtml1-transitional.dtd">
<html xmlns="http://www.w3.org/1999/xhtml" xml:lang="en" lang="en">
 <head>
  <title>
</title>
<meta http-equiv="Content-Type" content="text/html;charset=utf-8" />
  <meta name='ocr-system' content='tesseract 3.04.00' />
  <meta name='ocr-capabilities' content='ocr_page ocr_carea ocr_par ocr_line ocrx_word'/>
</head>
<body>
  <div class='ocr_page' id='page_1' title='image "./polybiimegalopo02polygoog_0018.png"; bbox 0 0 4542 5500; ppageno 0'>
   <div class='ocr_carea' id='block_1_1' title="bbox 746 577 1613 733">
    <p class='ocr_par' dir='ltr' id='par_1_1' title="bbox 746 577 1613 733">
     <span class='ocr_line' id='line_1_1' title="bbox 746 577 1613 733; baseline -0.003 -28"><span class='ocrx_word' id='word_1_1' title='bbox 746 577 968 705; x_wconf 75' lang='lat' dir='ltr'>ananan</span> <span class='ocrx_word' id='word_1_2' title='bbox 1009 624 1332 702; x_wconf 65' lang='lat' dir='ltr'>panetario,</span> <span class='ocrx_word' id='word_1_3' title='bbox 1433 653 1549 733; x_wconf 44' lang='lat' dir='ltr'>,aaa</span> <span class='ocrx_word' id='word_1_4' title='bbox 1585 636 1613 712; x_wconf 68' lang='lat' dir='ltr'><em>f</em></span> 
     </span>
    </p>
   </div>
   <div class='ocr_carea' id='block_1_2' title="bbox 522 809 1658 2873">
    <p class='ocr_par' dir='ltr' id='par_1_2' title="bbox 522 809 1658 2873">
     <span class='ocr_line' id='line_1_2' title="bbox 522 809 1557 917; baseline -0.001 -27"><span class='ocrx_word' id='word_1_5' title='bbox 522 824 666 890; x_wconf 88' lang='lat' dir='ltr'>nitunun</span> <span class='ocrx_word' id='word_1_6' title='bbox 688 841 758 889; x_wconf 91' lang='lat' dir='ltr'>non</span> <span class='ocrx_word' id='word_1_7' title='bbox 777 823 954 917; x_wconf 84' lang='lat' dir='ltr'>exiguam,</span> <span class='ocrx_word' id='word_1_8' title='bbox 985 816 1049 909; x_wconf 77' lang='lat' dir='ltr'>lam</span> <span class='ocrx_word' id='word_1_9' title='bbox 1062 809 1300 914; x_wconf 87' lang='lat' dir='ltr'>edito&#39;losepho</span> <span class='ocrx_word' id='word_1_10' title='bbox 1317 809 1557 915; x_wconf 77' lang='lat' dir='ltr'>cognoullsem:</span> 
     </span>
     <span class='ocr_line' id='line_1_3' title="bbox 522 909 1560 1022; baseline -0.001 -30"><span class='ocrx_word' id='word_1_11' title='bbox 522 941 691 1022; x_wconf 79' lang='lat' dir='ltr'>[noctram</span> <span class='ocrx_word' id='word_1_12' title='bbox 703 940 849 1021; x_wconf 87' lang='lat' dir='ltr'>ternpore</span> <span class='ocrx_word' id='word_1_13' title='bbox 866 946 942 992; x_wconf 91' lang='lat' dir='ltr'>cum</span> <span class='ocrx_word' id='word_1_14' title='bbox 955 919 1055 990; x_wconf 88' lang='lat' dir='ltr'>multa</span> <span class='ocrx_word' id='word_1_15' title='bbox 1070 914 1109 990; x_wconf 86' lang='lat' dir='ltr'>tle</span> <span class='ocrx_word' id='word_1_16' title='bbox 1125 918 1274 990; x_wconf 82' lang='lat' dir='ltr'>Hilloriae</span> <span class='ocrx_word' id='word_1_17' title='bbox 1287 915 1360 1004; x_wconf 92' lang='lat' dir='ltr'>usu,</span> <span class='ocrx_word' id='word_1_18' title='bbox 1401 909 1560 1017; x_wconf 75' lang='lat' dir='ltr'>dignitate</span> 
     </span>
     <span class='ocr_line' id='line_1_4' title="bbox 522 1016 1556 1122; baseline 0 -28"><span class='ocrx_word' id='word_1_19' title='bbox 522 1019 673 1096; x_wconf 62' lang='lat' dir='ltr'>refracta</span> <span class='ocrx_word' id='word_1_20' title='bbox 689 1017 938 1122; x_wconf 70' lang='lat' dir='ltr'><strong>proposuissem,</strong></span> <span class='ocrx_word' id='word_1_21' title='bbox 963 1042 1030 1094; x_wconf 85' lang='lat' dir='ltr'>non</span> <span class='ocrx_word' id='word_1_22' title='bbox 1052 1026 1111 1093; x_wconf 87' lang='lat' dir='ltr'>erit</span> <span class='ocrx_word' id='word_1_23' title='bbox 1129 1016 1253 1093; x_wconf 80' lang='lat' dir='ltr'>necesse</span> <span class='ocrx_word' id='word_1_24' title='bbox 1267 1017 1381 1093; x_wconf 87' lang='lat' dir='ltr'>eadem</span> <span class='ocrx_word' id='word_1_25' title='bbox 1401 1022 1556 1094; x_wconf 88' lang='lat' dir='ltr'>hocloco</span> 
     </span>
     <span class='ocr_line' id='line_1_5' title="bbox 522 1120 1556 1226; baseline 0 -30"><span class='ocrx_word' id='word_1_26' title='bbox 522 1132 666 1224; x_wconf 82' lang='lat' dir='ltr'>tcapite,</span> <span class='ocrx_word' id='word_1_27' title='bbox 691 1122 780 1226; x_wconf 89' lang='lat' dir='ltr'>quod</span> <span class='ocrx_word' id='word_1_28' title='bbox 800 1132 905 1219; x_wconf 80' lang='lat' dir='ltr'>ajunt,</span> <span class='ocrx_word' id='word_1_29' title='bbox 933 1120 1091 1206; x_wconf 80' lang='lat' dir='ltr'>arcessere.</span> <span class='ocrx_word' id='word_1_30' title='bbox 1142 1127 1213 1196; x_wconf 90' lang='lat' dir='ltr'>Nec</span> <span class='ocrx_word' id='word_1_31' title='bbox 1231 1124 1276 1195; x_wconf 84' lang='lat' dir='ltr'>eli</span> <span class='ocrx_word' id='word_1_32' title='bbox 1298 1122 1386 1224; x_wconf 90' lang='lat' dir='ltr'>quod</span> <span class='ocrx_word' id='word_1_33' title='bbox 1408 1126 1457 1197; x_wconf 82' lang='lat' dir='ltr'>vel</span> <span class='ocrx_word' id='word_1_34' title='bbox 1478 1150 1556 1196; x_wconf 90' lang='lat' dir='ltr'>mco</span> 
     </span>
     <span class='ocr_line' id='line_1_6' title="bbox 522 1224 1556 1329; baseline -0.001 -29"><span class='ocrx_word' id='word_1_35' title='bbox 522 1226 720 1314; x_wconf 77' lang='lat' dir='ltr'>testimonio,</span> <span class='ocrx_word' id='word_1_36' title='bbox 741 1228 791 1301; x_wconf 82' lang='lat' dir='ltr'>vel</span> <span class='ocrx_word' id='word_1_37' title='bbox 808 1224 1006 1329; x_wconf 85' lang='lat' dir='ltr'>ampliffimis</span> <span class='ocrx_word' id='word_1_38' title='bbox 1019 1233 1115 1298; x_wconf 89' lang='lat' dir='ltr'>etiam</span> <span class='ocrx_word' id='word_1_39' title='bbox 1133 1228 1256 1311; x_wconf 83' lang='lat' dir='ltr'>verbis,</span> <span class='ocrx_word' id='word_1_40' title='bbox 1281 1227 1453 1319; x_wconf 79' lang='lat' dir='ltr'>Polybium</span> <span class='ocrx_word' id='word_1_41' title='bbox 1469 1254 1556 1300; x_wconf 86' lang='lat' dir='ltr'>nuuc</span> 
     </span>
     <span class='ocr_line' id='line_1_7' title="bbox 522 1324 1556 1432; baseline -0.002 -28"><span class='ocrx_word' id='word_1_42' title='bbox 522 1329 896 1432; x_wconf 86' lang='lat' dir='ltr'>nclaudareomareque</span> <span class='ocrx_word' id='word_1_43' title='bbox 907 1324 979 1403; x_wconf 81' lang='lat' dir='ltr'>sartis</span> <span class='ocrx_word' id='word_1_44' title='bbox 991 1324 1167 1401; x_wconf 87' lang='lat' dir='ltr'>commode</span> <span class='ocrx_word' id='word_1_45' title='bbox 1181 1326 1269 1430; x_wconf 83' lang='lat' dir='ltr'>polle</span> <span class='ocrx_word' id='word_1_46' title='bbox 1284 1328 1449 1402; x_wconf 85' lang='lat' dir='ltr'>considam</span> <span class='ocrx_word' id='word_1_47' title='bbox 1460 1362 1468 1402; x_wconf 77' lang='grc' dir='ltr'><strong><em>ε</em></strong></span> <span class='ocrx_word' id='word_1_48' title='bbox 1479 1359 1556 1403; x_wconf 86' lang='lat' dir='ltr'>cunr</span> 
     </span>
     <span class='ocr_line' id='line_1_8' title="bbox 527 1427 1623 1532; baseline -0.002 -25"><span class='ocrx_word' id='word_1_49' title='bbox 527 1440 646 1507; x_wconf 85' lang='lat' dir='ltr'>nhnnc</span> <span class='ocrx_word' id='word_1_50' title='bbox 661 1427 767 1532; x_wconf 88' lang='lat' dir='ltr'>ipsum</span> <span class='ocrx_word' id='word_1_51' title='bbox 780 1432 1005 1507; x_wconf 85' lang='lat' dir='ltr'>celebrandurn</span> <span class='ocrx_word' id='word_1_52' title='bbox 1014 1432 1106 1505; x_wconf 88' lang='lat' dir='ltr'>multi</span> <span class='ocrx_word' id='word_1_53' title='bbox 1115 1459 1157 1504; x_wconf 88' lang='lat' dir='ltr'>ex</span> <span class='ocrx_word' id='word_1_54' title='bbox 1171 1435 1289 1505; x_wconf 80' lang='lat' dir='ltr'>Latinis</span> <span class='ocrx_word' id='word_1_55' title='bbox 1301 1440 1417 1532; x_wconf 85' lang='lat' dir='ltr'>paritet</span> <span class='ocrx_word' id='word_1_56' title='bbox 1429 1437 1566 1506; x_wconf 64' lang='lat' dir='ltr'>&amp;Grati</span> <span class='ocrx_word' id='word_1_57' title='bbox 1620 1467 1623 1491; x_wconf 74' lang='grc' dir='ltr'>ι</span> 
     </span>
     <span class='ocr_line' id='line_1_9' title="bbox 522 1523 1557 1634; baseline -0.003 -24"><span class='ocrx_word' id='word_1_58' title='bbox 522 1543 559 1610; x_wconf 78' lang='lat' dir='ltr'>,is</span> <span class='ocrx_word' id='word_1_59' title='bbox 573 1563 642 1609; x_wconf 89' lang='lat' dir='ltr'>non</span> <span class='ocrx_word' id='word_1_60' title='bbox 654 1532 762 1608; x_wconf 89' lang='lat' dir='ltr'>solum</span> <span class='ocrx_word' id='word_1_61' title='bbox 775 1563 887 1609; x_wconf 86' lang='lat' dir='ltr'>omnes</span> <span class='ocrx_word' id='word_1_62' title='bbox 900 1523 1016 1609; x_wconf 69' lang='lat' dir='ltr'>laudes&#39;</span> <span class='ocrx_word' id='word_1_63' title='bbox 1024 1553 1218 1634; x_wconf 87' lang='lat' dir='ltr'>congerant,</span> <span class='ocrx_word' id='word_1_64' title='bbox 1240 1529 1294 1608; x_wconf 91' lang='lat' dir='ltr'>sed</span> <span class='ocrx_word' id='word_1_65' title='bbox 1314 1535 1412 1634; x_wconf 85' lang='lat' dir='ltr'>longe</span> <span class='ocrx_word' id='word_1_66' title='bbox 1432 1535 1557 1609; x_wconf 76' lang='lat' dir='ltr'>claritsr·</span> 
     </span>
     <span class='ocr_line' id='line_1_10' title="bbox 522 1635 1557 1740; baseline 0.001 -28"><span class='ocrx_word' id='word_1_67' title='bbox 522 1667 588 1712; x_wconf 80' lang='lat' dir='ltr'>arus</span> <span class='ocrx_word' id='word_1_68' title='bbox 604 1645 704 1712; x_wconf 85' lang='lat' dir='ltr'>etiarn</span> <span class='ocrx_word' id='word_1_69' title='bbox 727 1643 792 1724; x_wconf 89' lang='lat' dir='ltr'>vir,</span> <span class='ocrx_word' id='word_1_70' title='bbox 826 1637 976 1740; x_wconf 78' lang='lat' dir='ltr'>idemque</span> <span class='ocrx_word' id='word_1_71' title='bbox 995 1635 1139 1711; x_wconf 78' lang='lat' dir='ltr'>summus</span> <span class='ocrx_word' id='word_1_72' title='bbox 1161 1644 1357 1737; x_wconf 85' lang='lat' dir='ltr'>imperator,</span> <span class='ocrx_word' id='word_1_73' title='bbox 1388 1636 1557 1737; x_wconf 64' lang='lat' dir='ltr'>Africanus</span> 
     </span>
     <span class='ocr_line' id='line_1_11' title="bbox 522 1735 1554 1842; baseline 0.001 -28"><span class='ocrx_word' id='word_1_74' title='bbox 522 1735 568 1815; x_wconf 84' lang='lat' dir='ltr'>ille</span> <span class='ocrx_word' id='word_1_75' title='bbox 583 1745 710 1841; x_wconf 82' lang='lat' dir='ltr'>scipio,</span> <span class='ocrx_word' id='word_1_76' title='bbox 733 1741 874 1815; x_wconf 83' lang='lat' dir='ltr'>eundern</span> <span class='ocrx_word' id='word_1_77' title='bbox 888 1741 945 1814; x_wconf 90' lang='lat' dir='ltr'>stbi</span> <span class='ocrx_word' id='word_1_78' title='bbox 956 1761 1027 1814; x_wconf 81' lang='lat' dir='ltr'>tunt</span> <span class='ocrx_word' id='word_1_79' title='bbox 1041 1738 1266 1826; x_wconf 75' lang='lat' dir='ltr'>consiliorum,</span> <span class='ocrx_word' id='word_1_80' title='bbox 1286 1761 1358 1812; x_wconf 85' lang='lat' dir='ltr'>tum</span> <span class='ocrx_word' id='word_1_81' title='bbox 1378 1764 1485 1814; x_wconf 84' lang='lat' dir='ltr'>rerunt</span> <span class='ocrx_word' id='word_1_82' title='bbox 1498 1770 1554 1842; x_wconf 83' lang='lat' dir='ltr'>ge·</span> 
     </span>
     <span class='ocr_line' id='line_1_12' title="bbox 522 1839 1597 1945; baseline 0 -27"><span class='ocrx_word' id='word_1_83' title='bbox 522 1842 705 1930; x_wconf 79' lang='lat' dir='ltr'>endamm,</span> <span class='ocrx_word' id='word_1_84' title='bbox 729 1852 934 1918; x_wconf 86' lang='lat' dir='ltr'>&amp;comitem</span> <span class='ocrx_word' id='word_1_85' title='bbox 947 1850 981 1918; x_wconf 74' lang='grc' dir='ltr'>ἀ</span> <span class='ocrx_word' id='word_1_86' title='bbox 996 1839 1243 1945; x_wconf 81' lang='lat' dir='ltr'>quodammodo</span> <span class='ocrx_word' id='word_1_87' title='bbox 1262 1840 1385 1917; x_wconf 90' lang='lat' dir='ltr'>socium</span> <span class='ocrx_word' id='word_1_88' title='bbox 1407 1844 1558 1939; x_wconf 79' lang='lat' dir='ltr'>adjunxe·</span> <span class='ocrx_word' id='word_1_89' title='bbox 1593 1839 1597 1908; x_wconf 68' lang='grc' dir='ltr'>ἶ</span> 
     </span>
     <span class='ocr_line' id='line_1_13' title="bbox 522 1942 1559 2049; baseline 0.003 -29"><span class='ocrx_word' id='word_1_90' title='bbox 522 1954 564 2020; x_wconf 77' lang='lat' dir='ltr'>it.</span> <span class='ocrx_word' id='word_1_91' title='bbox 616 1945 715 2049; x_wconf 73' lang='lat' dir='ltr'>Qotl</span> <span class='ocrx_word' id='word_1_92' title='bbox 730 1969 814 2021; x_wconf 86' lang='lat' dir='ltr'>certe</span> <span class='ocrx_word' id='word_1_93' title='bbox 830 1952 988 2048; x_wconf 78' lang='lat' dir='ltr'>Scipionis</span> <span class='ocrx_word' id='word_1_94' title='bbox 999 1945 1156 2040; x_wconf 84' lang='lat' dir='ltr'>judicium</span> <span class='ocrx_word' id='word_1_95' title='bbox 1171 1942 1212 2018; x_wconf 84' lang='lat' dir='ltr'>ad</span> <span class='ocrx_word' id='word_1_96' title='bbox 1229 1943 1452 2022; x_wconf 81' lang='lat' dir='ltr'>declarandam</span> <span class='ocrx_word' id='word_1_97' title='bbox 1465 1952 1559 2042; x_wconf 83' lang='lat' dir='ltr'>hujua</span> 
     </span>
     <span class='ocr_line' id='line_1_14' title="bbox 522 2047 1558 2151; baseline 0 -27"><span class='ocrx_word' id='word_1_98' title='bbox 522 2054 684 2149; x_wconf 77' lang='lat' dir='ltr'>ictiptorie</span> <span class='ocrx_word' id='word_1_99' title='bbox 701 2051 912 2124; x_wconf 75' lang='lat' dir='ltr'>excellentem</span> <span class='ocrx_word' id='word_1_100' title='bbox 925 2049 1124 2138; x_wconf 73' lang='lat' dir='ltr'>dosirinam,</span> <span class='ocrx_word' id='word_1_101' title='bbox 1147 2047 1333 2123; x_wconf 85' lang='lat' dir='ltr'>industriam</span> <span class='ocrx_word' id='word_1_102' title='bbox 1352 2049 1558 2151; x_wconf 69' lang='lat' dir='ltr'>singularem,</span> 
     </span>
     <span class='ocr_line' id='line_1_15' title="bbox 522 2149 1556 2255; baseline -0.001 -26"><span class='ocrx_word' id='word_1_103' title='bbox 522 2162 548 2229; x_wconf 69' lang='lat'>31</span> <span class='ocrx_word' id='word_1_104' title='bbox 566 2158 612 2226; x_wconf 87' lang='lat' dir='ltr'>rei</span> <span class='ocrx_word' id='word_1_105' title='bbox 626 2156 772 2227; x_wconf 87' lang='lat' dir='ltr'>militaris</span> <span class='ocrx_word' id='word_1_106' title='bbox 786 2160 933 2254; x_wconf 82' lang='lat' dir='ltr'>peritiam</span> <span class='ocrx_word' id='word_1_107' title='bbox 948 2161 1084 2230; x_wconf 86' lang='lat' dir='ltr'>minime</span> <span class='ocrx_word' id='word_1_108' title='bbox 1100 2154 1279 2253; x_wconf 77' lang='lat' dir='ltr'>vulgarem,</span> <span class='ocrx_word' id='word_1_109' title='bbox 1302 2149 1364 2225; x_wconf 88' lang='lat' dir='ltr'>fuit</span> <span class='ocrx_word' id='word_1_110' title='bbox 1375 2153 1473 2255; x_wconf 84' lang='lat' dir='ltr'>longe</span> <span class='ocrx_word' id='word_1_111' title='bbox 1487 2183 1556 2228; x_wconf 88' lang='lat' dir='ltr'>ma·</span> 
     </span>
     <span class='ocr_line' id='line_1_16' title="bbox 522 2255 1557 2359; baseline 0.003 -32"><span class='ocrx_word' id='word_1_112' title='bbox 522 2264 642 2328; x_wconf 81' lang='lat' dir='ltr'>rituum</span> <span class='ocrx_word' id='word_1_113' title='bbox 657 2255 762 2343; x_wconf 79' lang='lat' dir='ltr'>suitul,</span> <span class='ocrx_word' id='word_1_114' title='bbox 787 2285 825 2329; x_wconf 90' lang='lat' dir='ltr'>ac</span> <span class='ocrx_word' id='word_1_115' title='bbox 839 2255 1044 2331; x_wconf 71' lang='lat' dir='ltr'>verissimum.</span> <span class='ocrx_word' id='word_1_116' title='bbox 1095 2261 1184 2331; x_wconf 86' lang='lat' dir='ltr'>Nam</span> <span class='ocrx_word' id='word_1_117' title='bbox 1199 2261 1252 2359; x_wconf 93' lang='lat' dir='ltr'>qui</span> <span class='ocrx_word' id='word_1_118' title='bbox 1265 2264 1437 2329; x_wconf 82' lang='lat' dir='ltr'>accuratius</span> <span class='ocrx_word' id='word_1_119' title='bbox 1444 2255 1557 2344; x_wconf 79' lang='lat' dir='ltr'>hosce,</span> 
     </span>
     <span class='ocr_line' id='line_1_17' title="bbox 522 2357 1560 2463; baseline 0.002 -31"><span class='ocrx_word' id='word_1_120' title='bbox 522 2386 594 2461; x_wconf 71' lang='lat' dir='ltr'>quos</span> <span class='ocrx_word' id='word_1_121' title='bbox 607 2357 738 2433; x_wconf 88' lang='lat' dir='ltr'>fortuna</span> <span class='ocrx_word' id='word_1_122' title='bbox 749 2363 843 2454; x_wconf 89' lang='lat' dir='ltr'>nobis</span> <span class='ocrx_word' id='word_1_123' title='bbox 857 2362 994 2463; x_wconf 88' lang='lat' dir='ltr'>reliquos</span> <span class='ocrx_word' id='word_1_124' title='bbox 1006 2358 1095 2448; x_wconf 88' lang='lat' dir='ltr'>fecit,</span> <span class='ocrx_word' id='word_1_125' title='bbox 1110 2362 1209 2435; x_wconf 77' lang='lat' dir='ltr'>libros</span> <span class='ocrx_word' id='word_1_126' title='bbox 1219 2360 1398 2460; x_wconf 80' lang='lat' dir='ltr'>perlegerit,</span> <span class='ocrx_word' id='word_1_127' title='bbox 1420 2366 1447 2433; x_wconf 79' lang='lat' dir='ltr'>is</span> <span class='ocrx_word' id='word_1_128' title='bbox 1462 2358 1560 2434; x_wconf 78' lang='lat' dir='ltr'>facile</span> 
     </span>
     <span class='ocr_line' id='line_1_18' title="bbox 522 2462 1658 2565; baseline 0.001 -30"><span class='ocrx_word' id='word_1_129' title='bbox 522 2462 636 2535; x_wconf 77' lang='lat' dir='ltr'>ridebit</span> <span class='ocrx_word' id='word_1_130' title='bbox 642 2518 658 2550; x_wconf 82' lang='lat'>,</span> <span class='ocrx_word' id='word_1_131' title='bbox 680 2465 853 2557; x_wconf 78' lang='lat' dir='ltr'>Polybium</span> <span class='ocrx_word' id='word_1_132' title='bbox 868 2491 936 2537; x_wconf 90' lang='lat' dir='ltr'>non</span> <span class='ocrx_word' id='word_1_133' title='bbox 948 2484 1016 2537; x_wconf 90' lang='lat' dir='ltr'>tam</span> <span class='ocrx_word' id='word_1_134' title='bbox 1028 2471 1132 2564; x_wconf 83' lang='lat' dir='ltr'>gravis</span> <span class='ocrx_word' id='word_1_135' title='bbox 1147 2463 1299 2536; x_wconf 88' lang='lat' dir='ltr'>Hillorici</span> <span class='ocrx_word' id='word_1_136' title='bbox 1313 2475 1434 2554; x_wconf 65' lang='lat' dir='ltr'>munus</span> <span class='ocrx_word' id='word_1_137' title='bbox 1449 2465 1557 2565; x_wconf 76' lang='lat' dir='ltr'>ex‘ple·</span> <span class='ocrx_word' id='word_1_138' title='bbox 1654 2479 1658 2489; x_wconf 89' lang='lat'>&#39;</span> 
     </span>
     <span class='ocr_line' id='line_1_19' title="bbox 522 2562 1559 2667; baseline 0.002 -29"><span class='ocrx_word' id='word_1_139' title='bbox 522 2562 608 2650; x_wconf 77' lang='lat' dir='ltr'>risle,</span> <span class='ocrx_word' id='word_1_140' title='bbox 629 2591 728 2666; x_wconf 87' lang='lat' dir='ltr'>quarn</span> <span class='ocrx_word' id='word_1_141' title='bbox 744 2572 854 2667; x_wconf 85' lang='lat' dir='ltr'>magni</span> <span class='ocrx_word' id='word_1_142' title='bbox 868 2573 1053 2664; x_wconf 84' lang='lat' dir='ltr'>oratorisac</span> <span class='ocrx_word' id='word_1_143' title='bbox 1065 2567 1237 2667; x_wconf 76' lang='lat' dir='ltr'>praeliantis</span> <span class='ocrx_word' id='word_1_144' title='bbox 1249 2562 1430 2666; x_wconf 82' lang='lat' dir='ltr'>Philosophi</span> <span class='ocrx_word' id='word_1_145' title='bbox 1452 2588 1559 2667; x_wconf 75' lang='lat' dir='ltr'>parter</span> 
     </span>
     <span class='ocr_line' id='line_1_20' title="bbox 522 2665 1627 2773; baseline 0.002 -31"><span class='ocrx_word' id='word_1_146' title='bbox 522 2667 692 2742; x_wconf 81' lang='lat' dir='ltr'>:ornmode</span> <span class='ocrx_word' id='word_1_147' title='bbox 705 2666 830 2771; x_wconf 83' lang='lat' dir='ltr'>semper</span> <span class='ocrx_word' id='word_1_148' title='bbox 841 2665 1049 2772; x_wconf 82' lang='lat' dir='ltr'>usurpavisse:</span> <span class='ocrx_word' id='word_1_149' title='bbox 1073 2678 1191 2773; x_wconf 90' lang='lat' dir='ltr'>quippe</span> <span class='ocrx_word' id='word_1_150' title='bbox 1207 2676 1260 2772; x_wconf 90' lang='lat' dir='ltr'>qui</span> <span class='ocrx_word' id='word_1_151' title='bbox 1274 2698 1381 2741; x_wconf 91' lang='lat' dir='ltr'>rerum</span> <span class='ocrx_word' id='word_1_152' title='bbox 1395 2670 1558 2770; x_wconf 81' lang='lat' dir='ltr'>gestarum</span> <span class='ocrx_word' id='word_1_153' title='bbox 1625 2764 1627 2771; x_wconf 27' lang='grc' dir='ltr'>Ι</span> 
     </span>
     <span class='ocr_line' id='line_1_21' title="bbox 522 2769 1557 2873; baseline 0.001 -28"><span class='ocrx_word' id='word_1_154' title='bbox 522 2786 702 2873; x_wconf 77' lang='lat' dir='ltr'>terpetua&#39;m</span> <span class='ocrx_word' id='word_1_155' title='bbox 715 2780 933 2853; x_wconf 80' lang='lat' dir='ltr'>narrationem</span> <span class='ocrx_word' id='word_1_156' title='bbox 943 2780 987 2846; x_wconf 86' lang='lat' dir='ltr'>ita</span> <span class='ocrx_word' id='word_1_157' title='bbox 1000 2771 1235 2847; x_wconf 84' lang='lat' dir='ltr'>moderandam</span> <span class='ocrx_word' id='word_1_158' title='bbox 1256 2769 1391 2859; x_wconf 89' lang='lat' dir='ltr'>censuit,</span> <span class='ocrx_word' id='word_1_159' title='bbox 1416 2792 1451 2845; x_wconf 89' lang='lat' dir='ltr'>ut</span> <span class='ocrx_word' id='word_1_160' title='bbox 1464 2770 1557 2847; x_wconf 90' lang='lat' dir='ltr'>suum</span> 
     </span>
    </p>
   </div>
   <div class='ocr_carea' id='block_1_3' title="bbox 523 2869 1687 2981">
    <p class='ocr_par' dir='ltr' id='par_1_3' title="bbox 523 2869 1687 2981">
     <span class='ocr_line' id='line_1_22' title="bbox 523 2869 1687 2981; baseline 0.001 -34"><span class='ocrx_word' id='word_1_161' title='bbox 523 2900 746 2978; x_wconf 68' lang='lat' dir='ltr'>nonnunquam</span> <span class='ocrx_word' id='word_1_162' title='bbox 769 2875 924 2969; x_wconf 89' lang='lat' dir='ltr'>judicium</span> <span class='ocrx_word' id='word_1_163' title='bbox 943 2884 977 2951; x_wconf 75' lang='grc' dir='ltr'>ἀ</span> <span class='ocrx_word' id='word_1_164' title='bbox 995 2897 1152 2981; x_wconf 76' lang='lat' dir='ltr'>praccepta</span> <span class='ocrx_word' id='word_1_165' title='bbox 1172 2874 1212 2949; x_wconf 84' lang='lat' dir='ltr'>ad</span> <span class='ocrx_word' id='word_1_166' title='bbox 1232 2869 1461 2949; x_wconf 82' lang='lat' dir='ltr'>institutionem</span> <span class='ocrx_word' id='word_1_167' title='bbox 1484 2883 1559 2948; x_wconf 77' lang='lat' dir='ltr'>vira</span> <span class='ocrx_word' id='word_1_168' title='bbox 1684 2921 1687 2925; x_wconf 92' lang='lat'>-</span> 
     </span>
    </p>
   </div>
   <div class='ocr_carea' id='block_1_4' title="bbox 522 2974 1663 4006">
    <p class='ocr_par' dir='ltr' id='par_1_4' title="bbox 522 2974 1663 4006">
     <span class='ocr_line' id='line_1_23' title="bbox 522 2974 1663 3079; baseline -0.001 -28"><span class='ocrx_word' id='word_1_169' title='bbox 522 2974 682 3051; x_wconf 72' lang='lat' dir='ltr'>necessaria</span> <span class='ocrx_word' id='word_1_170' title='bbox 696 2978 927 3079; x_wconf 83' lang='lat' dir='ltr'>interponenda</span> <span class='ocrx_word' id='word_1_171' title='bbox 941 2980 1175 3053; x_wconf 80' lang='lat' dir='ltr'>existimaverit.</span> <span class='ocrx_word' id='word_1_172' title='bbox 1200 2984 1299 3057; x_wconf 89' lang='lat' dir='ltr'>Hunc</span> <span class='ocrx_word' id='word_1_173' title='bbox 1313 2985 1410 3050; x_wconf 85' lang='lat' dir='ltr'>etiarn</span> <span class='ocrx_word' id='word_1_174' title='bbox 1424 2977 1557 3078; x_wconf 79' lang='lat' dir='ltr'>insignis</span> <span class='ocrx_word' id='word_1_175' title='bbox 1655 3023 1663 3033; x_wconf 74' lang='lat'>=</span> 
     </span>
     <span class='ocr_line' id='line_1_24' title="bbox 522 3077 1629 3184; baseline 0.003 -30"><span class='ocrx_word' id='word_1_176' title='bbox 522 3083 563 3154; x_wconf 78' lang='lat' dir='ltr'>‘tle</span> <span class='ocrx_word' id='word_1_177' title='bbox 577 3081 796 3155; x_wconf 86' lang='lat' dir='ltr'>Historiamm</span> <span class='ocrx_word' id='word_1_178' title='bbox 810 3078 1049 3181; x_wconf 82' lang='lat' dir='ltr'>scriptorTitua</span> <span class='ocrx_word' id='word_1_179' title='bbox 1060 3087 1168 3156; x_wconf 87' lang='lat' dir='ltr'>Livius</span> <span class='ocrx_word' id='word_1_180' title='bbox 1181 3102 1248 3156; x_wconf 87' lang='lat' dir='ltr'>tarn</span> <span class='ocrx_word' id='word_1_181' title='bbox 1261 3082 1395 3155; x_wconf 85' lang='lat' dir='ltr'>libenter</span> <span class='ocrx_word' id='word_1_182' title='bbox 1408 3077 1557 3184; x_wconf 79' lang='lat' dir='ltr'>sequitur,</span> <span class='ocrx_word' id='word_1_183' title='bbox 1623 3122 1629 3128; x_wconf 94' lang='lat'><em>·</em></span> 
     </span>
     <span class='ocr_line' id='line_1_25' title="bbox 523 3182 1558 3285; baseline 0.003 -30"><span class='ocrx_word' id='word_1_184' title='bbox 523 3207 546 3256; x_wconf 82' lang='lat' dir='ltr'>rt</span> <span class='ocrx_word' id='word_1_185' title='bbox 559 3185 634 3257; x_wconf 85' lang='lat' dir='ltr'>belli</span> <span class='ocrx_word' id='word_1_186' title='bbox 648 3188 760 3258; x_wconf 91' lang='lat' dir='ltr'>Punici</span> <span class='ocrx_word' id='word_1_187' title='bbox 774 3187 893 3257; x_wconf 90' lang='lat' dir='ltr'>librum</span> <span class='ocrx_word' id='word_1_188' title='bbox 906 3189 1049 3285; x_wconf 91' lang='lat' dir='ltr'>primum</span> <span class='ocrx_word' id='word_1_189' title='bbox 1065 3208 1105 3258; x_wconf 83' lang='lat' dir='ltr'>ex</span> <span class='ocrx_word' id='word_1_190' title='bbox 1119 3213 1179 3270; x_wconf 87' lang='lat' dir='ltr'>eo,</span> <span class='ocrx_word' id='word_1_191' title='bbox 1205 3190 1259 3285; x_wconf 81' lang='lat' dir='ltr'>q&#39;ui</span> <span class='ocrx_word' id='word_1_192' title='bbox 1280 3182 1366 3284; x_wconf 82' lang='lat' dir='ltr'>apud</span> <span class='ocrx_word' id='word_1_193' title='bbox 1382 3184 1558 3278; x_wconf 85' lang='lat' dir='ltr'>Polybium</span> 
     </span>
     <span class='ocr_line' id='line_1_26' title="bbox 522 3285 1604 3388; baseline 0.006 -30"><span class='ocrx_word' id='word_1_194' title='bbox 522 3285 627 3360; x_wconf 77' lang='lat' dir='ltr'>adine</span> <span class='ocrx_word' id='word_1_195' title='bbox 640 3293 748 3360; x_wconf 85' lang='lat' dir='ltr'>tertius</span> <span class='ocrx_word' id='word_1_196' title='bbox 760 3289 823 3375; x_wconf 88' lang='lat' dir='ltr'>eil,</span> <span class='ocrx_word' id='word_1_197' title='bbox 851 3290 935 3361; x_wconf 88' lang='lat' dir='ltr'>bona</span> <span class='ocrx_word' id='word_1_198' title='bbox 949 3307 1089 3388; x_wconf 81' lang='lat' dir='ltr'>exparte</span> <span class='ocrx_word' id='word_1_199' title='bbox 1107 3293 1308 3361; x_wconf 81' lang='lat' dir='ltr'>converterit.</span> <span class='ocrx_word' id='word_1_200' title='bbox 1361 3286 1460 3388; x_wconf 79' lang='lat' dir='ltr'>Qud</span> <span class='ocrx_word' id='word_1_201' title='bbox 1475 3306 1557 3361; x_wconf 89' lang='lat' dir='ltr'>tam·</span> <span class='ocrx_word' id='word_1_202' title='bbox 1595 3288 1604 3364; x_wconf 78' lang='grc' dir='ltr'>’ἰ</span> 
     </span>
     <span class='ocr_line' id='line_1_27' title="bbox 522 3366 1601 3477; baseline 0 -15"><span class='ocrx_word' id='word_1_203' title='bbox 522 3389 566 3462; x_wconf 81' lang='lat' dir='ltr'>tfi</span> <span class='ocrx_word' id='word_1_204' title='bbox 585 3393 626 3462; x_wconf 90' lang='lat' dir='ltr'>ab</span> <span class='ocrx_word' id='word_1_205' title='bbox 645 3390 714 3462; x_wconf 88' lang='lat' dir='ltr'>aliis</span> <span class='ocrx_word' id='word_1_206' title='bbox 730 3397 828 3463; x_wconf 89' lang='lat' dir='ltr'>etiam</span> <span class='ocrx_word' id='word_1_207' title='bbox 850 3411 941 3464; x_wconf 90' lang='lat' dir='ltr'>antea</span> <span class='ocrx_word' id='word_1_208' title='bbox 953 3388 998 3467; x_wconf 82' lang='lat' dir='ltr'>,stt</span> <span class='ocrx_word' id='word_1_209' title='bbox 1017 3387 1237 3477; x_wconf 77' lang='lat' dir='ltr'>observatum,</span> <span class='ocrx_word' id='word_1_210' title='bbox 1260 3384 1356 3462; x_wconf 83' lang='lat' dir='ltr'>ame</span> <span class='ocrx_word' id='word_1_211' title='bbox 1368 3410 1478 3463; x_wconf 87' lang='lat' dir='ltr'>tamen</span> <span class='ocrx_word' id='word_1_212' title='bbox 1491 3366 1559 3462; x_wconf 79' lang='lat' dir='ltr'>hbe</span> <span class='ocrx_word' id='word_1_213' title='bbox 1598 3381 1601 3387; x_wconf 37' lang='lat'><strong><em>⁴</em></strong></span> 
     </span>
     <span class='ocr_line' id='line_1_28' title="bbox 522 3488 1581 3597; baseline -0.002 -31"><span class='ocrx_word' id='word_1_214' title='bbox 522 3499 645 3566; x_wconf 84' lang='lat' dir='ltr'>romine</span> <span class='ocrx_word' id='word_1_215' title='bbox 659 3493 806 3566; x_wconf 77' lang='lat' dir='ltr'>libentius</span> <span class='ocrx_word' id='word_1_216' title='bbox 821 3499 1012 3594; x_wconf 85' lang='lat' dir='ltr'>repetitum,</span> <span class='ocrx_word' id='word_1_217' title='bbox 1043 3520 1109 3597; x_wconf 92' lang='lat' dir='ltr'>quo</span> <span class='ocrx_word' id='word_1_218' title='bbox 1126 3488 1287 3592; x_wconf 87' lang='lat' dir='ltr'>utriusque</span> <span class='ocrx_word' id='word_1_219' title='bbox 1301 3493 1420 3591; x_wconf 80' lang='lat' dir='ltr'>linguar</span> <span class='ocrx_word' id='word_1_220' title='bbox 1437 3489 1581 3565; x_wconf 76' lang='lat' dir='ltr'>tudio--</span> 
     </span>
     <span class='ocr_line' id='line_1_29' title="bbox 522 3592 1557 3698; baseline -0.001 -31"><span class='ocrx_word' id='word_1_221' title='bbox 522 3596 548 3667; x_wconf 86' lang='lat' dir='ltr'>is</span> <span class='ocrx_word' id='word_1_222' title='bbox 562 3592 788 3684; x_wconf 88' lang='lat' dir='ltr'>ollenderem,</span> <span class='ocrx_word' id='word_1_223' title='bbox 812 3617 867 3681; x_wconf 89' lang='lat' dir='ltr'>ut,</span> <span class='ocrx_word' id='word_1_224' title='bbox 892 3593 1059 3698; x_wconf 88' lang='lat' dir='ltr'>srquando</span> <span class='ocrx_word' id='word_1_225' title='bbox 1081 3593 1121 3670; x_wconf 92' lang='lat' dir='ltr'>ad</span> <span class='ocrx_word' id='word_1_226' title='bbox 1142 3597 1229 3669; x_wconf 84' lang='lat' dir='ltr'>illam</span> <span class='ocrx_word' id='word_1_227' title='bbox 1246 3592 1383 3696; x_wconf 88' lang='lat' dir='ltr'>priscam</span> <span class='ocrx_word' id='word_1_228' title='bbox 1404 3595 1557 3695; x_wconf 81' lang='lat' dir='ltr'>interpre-</span> 
     </span>
     <span class='ocr_line' id='line_1_30' title="bbox 522 3694 1557 3801; baseline -0.001 -30"><span class='ocrx_word' id='word_1_229' title='bbox 522 3697 597 3771; x_wconf 86' lang='lat' dir='ltr'>andi</span> <span class='ocrx_word' id='word_1_230' title='bbox 615 3697 764 3787; x_wconf 83' lang='lat' dir='ltr'>laudern,</span> <span class='ocrx_word' id='word_1_231' title='bbox 799 3695 1047 3801; x_wconf 86' lang='lat' dir='ltr'>felicitatemque</span> <span class='ocrx_word' id='word_1_232' title='bbox 1067 3699 1164 3772; x_wconf 83' lang='lat' dir='ltr'>latine</span> <span class='ocrx_word' id='word_1_233' title='bbox 1183 3726 1217 3770; x_wconf 88' lang='lat' dir='ltr'>re</span> <span class='ocrx_word' id='word_1_234' title='bbox 1240 3694 1424 3772; x_wconf 84' lang='lat' dir='ltr'>raesentandi</span> <span class='ocrx_word' id='word_1_235' title='bbox 1447 3700 1557 3771; x_wconf 69' lang='lat' dir='ltr'>austo-</span> 
     </span>
     <span class='ocr_line' id='line_1_31' title="bbox 523 3726 1556 3904; baseline 0 -30"><span class='ocrx_word' id='word_1_236' title='bbox 523 3814 585 3874; x_wconf 87' lang='lat' dir='ltr'>uin</span> <span class='ocrx_word' id='word_1_237' title='bbox 606 3798 792 3888; x_wconf 81' lang='lat' dir='ltr'>sententias,</span> <span class='ocrx_word' id='word_1_238' title='bbox 826 3798 960 3901; x_wconf 89' lang='lat' dir='ltr'>aspirare</span> <span class='ocrx_word' id='word_1_239' title='bbox 980 3802 1122 3888; x_wconf 81' lang='lat' dir='ltr'>vellent,</span> <span class='ocrx_word' id='word_1_240' title='bbox 1159 3726 1255 3875; x_wconf 56' lang='lat' dir='ltr'>holle</span> <span class='ocrx_word' id='word_1_241' title='bbox 1281 3800 1379 3876; x_wconf 79' lang='lat' dir='ltr'>libros</span> <span class='ocrx_word' id='word_1_242' title='bbox 1402 3822 1556 3904; x_wconf 87' lang='lat' dir='ltr'>tanquam</span> 
     </span>
     <span class='ocr_line' id='line_1_32' title="bbox 526 3903 1359 4006; baseline -0.004 -28.011"><span class='ocrx_word' id='word_1_243' title='bbox 526 3904 696 4005; x_wconf 87' lang='lat' dir='ltr'>xernplar,</span> <span class='ocrx_word' id='word_1_244' title='bbox 721 3903 809 4006; x_wconf 92' lang='lat' dir='ltr'>quod</span> <span class='ocrx_word' id='word_1_245' title='bbox 824 3909 1040 3992; x_wconf 73' lang='lat' dir='ltr'>inimicatur,</span> <span class='ocrx_word' id='word_1_246' title='bbox 1060 3904 1117 3977; x_wconf 86' lang='lat' dir='ltr'>srbi</span> <span class='ocrx_word' id='word_1_247' title='bbox 1129 3922 1359 4006; x_wconf 85' lang='lat' dir='ltr'>proponerent.</span> 
     </span>
    </p>
   </div>
   <div class='ocr_carea' id='block_1_5' title="bbox 522 4071 1717 4656">
    <p class='ocr_par' dir='ltr' id='par_1_5' title="bbox 522 4071 1558 4588">
     <span class='ocr_line' id='line_1_33' title="bbox 583 4071 1557 4173; baseline -0.003 -30"><span class='ocrx_word' id='word_1_248' title='bbox 583 4071 691 4162; x_wconf 82' lang='lat' dir='ltr'>Hujus</span> <span class='ocrx_word' id='word_1_249' title='bbox 711 4072 815 4173; x_wconf 84' lang='lat' dir='ltr'>itaque</span> <span class='ocrx_word' id='word_1_250' title='bbox 833 4075 1002 4172; x_wconf 90' lang='lat' dir='ltr'>Scriptoris</span> <span class='ocrx_word' id='word_1_251' title='bbox 1019 4071 1118 4144; x_wconf 85' lang='lat' dir='ltr'>libros</span> <span class='ocrx_word' id='word_1_252' title='bbox 1141 4078 1282 4173; x_wconf 89' lang='lat' dir='ltr'>quinque</span> <span class='ocrx_word' id='word_1_253' title='bbox 1301 4075 1442 4170; x_wconf 76' lang='lat' dir='ltr'>priores,</span> <span class='ocrx_word' id='word_1_254' title='bbox 1475 4091 1557 4170; x_wconf 87' lang='lat' dir='ltr'>quo·</span> 
     </span>
     <span class='ocr_line' id='line_1_34' title="bbox 524 4169 1556 4275; baseline -0.005 -29"><span class='ocrx_word' id='word_1_255' title='bbox 524 4200 583 4246; x_wconf 88' lang='lat' dir='ltr'>um</span> <span class='ocrx_word' id='word_1_256' title='bbox 603 4169 782 4246; x_wconf 85' lang='lat' dir='ltr'>editionem</span> <span class='ocrx_word' id='word_1_257' title='bbox 803 4194 875 4247; x_wconf 91' lang='lat' dir='ltr'>ante</span> <span class='ocrx_word' id='word_1_258' title='bbox 897 4201 999 4246; x_wconf 81' lang='lat' dir='ltr'>annos</span> <span class='ocrx_word' id='word_1_259' title='bbox 1019 4176 1141 4275; x_wconf 89' lang='lat' dir='ltr'>aliquot</span> <span class='ocrx_word' id='word_1_260' title='bbox 1161 4172 1262 4247; x_wconf 74' lang='lat' dir='ltr'>dosio</span> <span class='ocrx_word' id='word_1_261' title='bbox 1287 4179 1358 4245; x_wconf 90' lang='lat' dir='ltr'>viro</span> <span class='ocrx_word' id='word_1_262' title='bbox 1372 4176 1556 4267; x_wconf 41' lang='lat' dir='ltr'>‘Vincentio</span> 
     </span>
     <span class='ocr_line' id='line_1_35' title="bbox 522 4269 1557 4375; baseline -0.006 -25"><span class='ocrx_word' id='word_1_263' title='bbox 522 4269 687 4375; x_wconf 88' lang='lat' dir='ltr'>)bs0poeo</span> <span class='ocrx_word' id='word_1_264' title='bbox 703 4274 915 4364; x_wconf 72' lang='lat' dir='ltr'>debebamus,</span> <span class='ocrx_word' id='word_1_265' title='bbox 937 4283 1002 4370; x_wconf 87' lang='lat' dir='ltr'>jam</span> <span class='ocrx_word' id='word_1_266' title='bbox 1015 4275 1056 4349; x_wconf 91' lang='lat' dir='ltr'>ad</span> <span class='ocrx_word' id='word_1_267' title='bbox 1071 4304 1171 4349; x_wconf 85' lang='lat' dir='ltr'>manu</span> <span class='ocrx_word' id='word_1_268' title='bbox 1190 4270 1324 4375; x_wconf 84' lang='lat' dir='ltr'>scriptos</span> <span class='ocrx_word' id='word_1_269' title='bbox 1344 4272 1473 4348; x_wconf 84' lang='lat' dir='ltr'>codices</span> <span class='ocrx_word' id='word_1_270' title='bbox 1489 4272 1557 4346; x_wconf 92' lang='lat' dir='ltr'>col·</span> 
     </span>
     <span class='ocr_line' id='line_1_36' title="bbox 522 4371 1557 4479; baseline -0.004 -27"><span class='ocrx_word' id='word_1_271' title='bbox 522 4401 608 4464; x_wconf 79' lang='lat' dir='ltr'>atos,</span> <span class='ocrx_word' id='word_1_272' title='bbox 626 4403 692 4451; x_wconf 84' lang='lat' dir='ltr'>una</span> <span class='ocrx_word' id='word_1_273' title='bbox 708 4406 784 4452; x_wconf 88' lang='lat' dir='ltr'>cum</span> <span class='ocrx_word' id='word_1_274' title='bbox 799 4375 886 4453; x_wconf 86' lang='lat' dir='ltr'>sexto</span> <span class='ocrx_word' id='word_1_275' title='bbox 900 4377 1143 4479; x_wconf 85' lang='lat' dir='ltr'>propemodum</span> <span class='ocrx_word' id='word_1_276' title='bbox 1156 4382 1283 4478; x_wconf 86' lang='lat' dir='ltr'>integro</span> <span class='ocrx_word' id='word_1_277' title='bbox 1298 4371 1425 4464; x_wconf 88' lang='lat' dir='ltr'>damus,</span> <span class='ocrx_word' id='word_1_278' title='bbox 1449 4375 1557 4449; x_wconf 89' lang='lat' dir='ltr'>multo</span> 
     </span>
     <span class='ocr_line' id='line_1_37' title="bbox 522 4480 1558 4588; baseline -0.011 -27"><span class='ocrx_word' id='word_1_279' title='bbox 522 4508 579 4561; x_wconf 84' lang='lat' dir='ltr'>um</span> <span class='ocrx_word' id='word_1_280' title='bbox 596 4481 826 4583; x_wconf 77' lang='lat' dir='ltr'>castigatiores,</span> <span class='ocrx_word' id='word_1_281' title='bbox 852 4506 923 4558; x_wconf 87' lang='lat' dir='ltr'>turn</span> <span class='ocrx_word' id='word_1_282' title='bbox 937 4484 1051 4557; x_wconf 83' lang='lat' dir='ltr'>alicubi</span> <span class='ocrx_word' id='word_1_283' title='bbox 1067 4483 1192 4584; x_wconf 83' lang='lat' dir='ltr'>plenius</span> <span class='ocrx_word' id='word_1_284' title='bbox 1206 4480 1386 4579; x_wconf 60' lang='lat' dir='ltr'>subustos.</span> <span class='ocrx_word' id='word_1_285' title='bbox 1430 4480 1558 4588; x_wconf 77' lang='lat' dir='ltr'>Qibua</span> 
     </span>
    </p>

    <p class='ocr_par' dir='ltr' id='par_1_6' title="bbox 773 4585 1717 4656">
     <span class='ocr_line' id='line_1_38' title="bbox 773 4585 1717 4656; baseline 0.002 -7"><span class='ocrx_word' id='word_1_286' title='bbox 773 4644 775 4649; x_wconf 89' lang='lat'><em>.</em></span> <span class='ocrx_word' id='word_1_287' title='bbox 1132 4585 1186 4656; x_wconf 90' lang='lat' dir='ltr'>b·</span> <span class='ocrx_word' id='word_1_288' title='bbox 1333 4604 1336 4608; x_wconf 73' lang='grc'><strong>’</strong></span> <span class='ocrx_word' id='word_1_289' title='bbox 1514 4606 1556 4652; x_wconf 82' lang='lat' dir='ltr'>ex</span> <span class='ocrx_word' id='word_1_290' title='bbox 1626 4606 1634 4627; x_wconf 63' lang='lat'>⁸</span> <span class='ocrx_word' id='word_1_291' title='bbox 1710 4600 1717 4607; x_wconf 83' lang='lat'><strong>·</strong></span> 
     </span>
    </p>
   </div>
   <div class='ocr_carea' id='block_1_6' title="bbox 0 0 2278 5500">
    <p class='ocr_par' dir='ltr' id='par_1_7' title="bbox 0 0 2278 5500">
     <span class='ocr_line' id='line_1_39' title="bbox 0 0 2278 5500; baseline 0 0"><span class='ocrx_word' id='word_1_292' title='bbox 0 0 2278 5500; x_wconf 95' lang='lat' dir='ltr'> </span> 
     </span>
    </p>
   </div>
  </div>
 </body>
</html>
