4542 5500
824 579 880 626 nn
900 580 1058 626 nonne.
1088 579 1202 628 xxvr.
1226 580 1254 629 ι.
1282 581 1311 646 3.
1475 573 1537 642 575

536 728 650 797 setium
670 741 744 795 erat.
788 726 950 813 Sedllnunc
964 733 1111 816 quidem,
1128 723 1355 814 relegentes&
1368 733 1472 796 denno
1485 751 1536 808 εις
1554 743 1634 828 ‘vers
1649 759 1696 816 ro.

536 842 710 923 pendentes
723 848 821 902 totum
837 839 958 916 locum,
979 836 1166 921 coniciturae
1181 839 1227 902 ilii
1239 859 1436 923 praepropere
1448 859 1483 902 nc
1497 851 1542 901 te·

536 967 624 1011 mere
644 968 703 1012 nos
725 946 873 1011 indulfisse
893 946 1113 1027 intelligimus:
1144 945 1212 1008 sane
1235 948 1298 1010 vim
1319 947 1432 1010 nollem
1453 946 1538 1008 vide

537 1076 624 1129 mus,
644 1075 714 1138 quae
729 1052 876 1138 particula
891 1043 937 1115 ln
950 1052 1115 1116 commode
1128 1050 1222 1115 inell'e
1241 1049 1347 1135 possit,
1366 1052 1537 1137 praesertirn

537 1159 558 1224 fi
573 1163 686 1224 deinde
702 1172 844 1225 tenemus
858 1162 907 1238 (ut
917 1160 1049 1222 tenenda
1064 1158 1120 1236 eli)
1127 1159 1270 1223 codicum
1281 1160 1457 1243 scripturam
1473 1151 1537 1235 ἀφ’

537 1251 578 1331 ἦν
593 1263 676 1350 ἡμᾶς
698 1266 872 1350 ἱστοροῦμεν
892 1258 1027 1348 χρόνων,
1049 1264 1157 1341 idest,
1176 1284 1266 1349 aquo
1286 1274 1419 1349 tmepore
1437 1267 1539 1353 nostrl
1559 1357 1565 1364 .

536 1376 640 1457 incipit
658 1373 802 1461 Ιιιβοήας
837 1391 908 1456 quae
929 1373 1022 1434 verba
1042 1372 1216 1435 referuntur
1237 1375 1275 1438 ad
1297 1393 1335 1439 ee
1353 1392 1424 1457 quae
1447 1374 1539 1436 dein·

536 1483 674 1567 ficareto
695 1475 734 1546 8
757 1478 940 1565 amplificato
956 1474 1081 1558 sordere
1107 1474 1286 1542 Arsroeoram
1309 1481 1388 1544 libro
1406 1480 1537 1544 secondo

538 1589 741 1653 Historiarum
760 1586 879 1649 suorum
898 1585 1089 1668 exposuerat.
1145 1585 1255 1668 Neque
1277 1606 1353 1649 vero
1376 1607 1416 1650 eo
1431 1587 1537 1670 megin

538 1697 641 1761 rursus
655 1693 822 1758 Cesauboni
837 1708 889 1757 aut
903 1692 1021 1757 Rciskii
1036 1692 1190 1774 probanda
1205 1693 1284 1755 ratio
1300 1696 1452 1768 videtum·
1463 1713 1536 1777 que·

537 1824 608 1867 rum
623 1813 730 1864 neutra
744 1800 813 1863 satis
828 1800 994 1862 commoda
1007 1798 1060 1862 est.
1082 1795 1242 1863 Sententia
1255 1802 1395 1883 proxime
1406 1800 1536 1883 sequens
1595 1797 1599 1805 ’

540 1906 629 1992 Vers.
641 1927 683 1973 ιι.
694 1907 794 1970 rursus
809 1906 845 1968 ab
860 1906 967 1969 eadem
981 1904 1130 1988 particula
1151 1896 1211 1967 ‘irc
1229 1907 1346 1989 incipit,
1368 1907 1420 1970 ubi
1433 1908 1535 1970 rursus

537 2017 633 2094 nibil,
653 2034 715 2098 quo
730 2012 782 2077 illa
794 2011 961 2090 reseratur,
979 2023 1031 2074 aut
1047 2011 1183 2094 quod‘ad
1201 2013 1372 2077 membrum
1384 2014 1535 2078 orationis
1675 2021 1679 2028 '

537 2127 576 2190 ab
588 2116 635 2187 ’ὅτι
649 2120 811 2203 incipiens,
827 2121 909 2182 velut
924 2115 1064 2201 epodosrs
1080 2119 1116 2181 ed
1131 2117 1262 2202 protasm
1276 2120 1433 2198 reseretur,
1452 2141 1537 2185 com*

537 2242 638 2315 paret.
659 2225 739 2302 Que
753 2246 812 2289 nos
827 2223 1062 2296 conliderantes,
1085 2226 1127 2288 ita
1142 2224 1231 2308 plane
1247 2226 1439 2291 statuendum
1451 2238 1536 2311 petr·

537 2356 628 2413 mue,
648 2334 826 2419 particulam
841 2333 923 2394 illam
945 2330 979 2395 dt
993 2331 1054 2396 hoc
1069 2331 1145 2394 vers.
1157 2350 1203 2399 ιο.
1221 2330 1256 2397 dr
1270 2332 1344 2395 vers.
1357 2350 1403 2396 ιι.
1422 2335 1534 2397 eodem

538 2444 712 2529 pertinere,
743 2457 806 2522 quo
821 2438 956 2523 pertinet
975 2440 1082 2501 eadem
1097 2439 1259 2520 porticula,
1290 2439 1380 2504 initio
1400 2440 1536 2523 cujusvis

537 2550 673 2632 Eclogae
685 2569 704 2610 a
716 2545 917 2630 compilatore
939 2548 1022 2624 (tarn
1043 2546 1074 2608 in
1096 2544 1227 2630 Eclogie
1247 2546 1287 2609 de
1305 2546 1538 2630 legationibus,

538 2677 632 2742 quam
651 2656 682 2718 in
704 2653 765 2717 illis
784 2652 823 2714 de
843 2649 924 2716 Virt.
944 2650 977 2715 &
993 2649 1103 2731 Vitiis)
1120 2654 1194 2735 poni
1215 2651 1315 2728 solita,
1337 2671 1429 2736 quem
1450 2654 1492 2717 ob
1504 2653 1536 2718 it
1617 2721 1627 2734 ‚‚

539 2765 639 2850 ipsum
653 2761 826 2825 constanter
845 2780 903 2822 noe
916 2757 1088 2838 omilimus,
1111 2761 1181 2843 quia
1201 2780 1264 2824 non
1279 2780 1298 2824 a
1311 2760 1457 2844 Polybio,
1484 2761 1536 2824 sed

539 2894 559 2937 a
573 2870 777 2953 compilatore
792 2865 844 2940 est,
866 2862 901 2927 dr
917 2866 1048 2945 refertur
1062 2867 1141 2931 adid
1157 2870 1239 2950 quod
1255 2869 1408 2933 interdum
1425 2867 1536 2933 diserte
1589 2894 1592 2899 ·

539 2977 654 3063 edjecit
674 2971 876 3055 compilator,
897 2972 947 3037 sed
968 2974 1149 3056 plerumque
1170 2975 1405 3059 intelligendum
1424 2973 1535 3041 lestori

537 3082 679 3166 reliquit,
696 3102 807 3165 nempe
825 3078 919 3165 φησὶν
938 3073 1135 3161 ὄΠολύβιος,
1157 3079 1190 3145 dt
1205 3079 1245 3145 lic
1265 3082 1297 3145 in
1318 3081 1386 3145 eliis
1405 3079 1535 3167 Eclogie

539 3211 581 3254 ex
595 3191 663 3254 aliis
675 3189 873 3272 scriptoribus
883 3188 1049 3270 excerptis,
1057 3187 1150 3269 φησὶν
1162 3181 1178 3251 i
1192 3185 1280 3263 Astra,
1294 3185 1310 3252 ὅ
1324 3182 1465 3274 Διόδωρος
1472 3186 1537 3256 &d-

538 3295 734 3380 Suspicemur
755 3296 867 3378 igitur,
897 3291 931 3359 δι
954 3313 1044 3377 paene
1061 3293 1230 3377 persuasum
1249 3295 1417 3375 habemus,
1445 3295 1537 3382 Poly-

539 3403 625 3466 bium
638 3403 700 3466 boc
713 3403 803 3480 loco,
834 3422 872 3465 ex
885 3398 1045 3465 occasione
1057 3419 1183 3477 eorum,
1216 3420 1289 3485 quie
1304 3404 1344 3466 de
1363 3401 1535 3468 Callicrati!

539 3509 717 3592 proditione
729 3510 824 3585 dixit,
846 3509 944 3571 varies
958 3509 1009 3590 (ut
1022 3506 1108 3581 solet,
1129 3507 1181 3572 ubi
1196 3507 1228 3571 in
1243 3507 1392 3592 eiusmodi*
1402 3509 1536 3593 aliquem

540 3615 647 3678 locum
661 3613 784 3693 incidit)
805 3615 1030 3679 observationes
1054 3615 1197 3698 varieque
1215 3615 1333 3680 monita
1353 3614 1538 3693 cumulasse;

541 3739 620 3805 quas
634 3720 862 3786 observationes
877 3722 1061 3805 compilator
1077 3720 1188 3794 noster,
1212 3722 1264 3805 qui
1281 3742 1344 3786 non
1360 3721 1414 3786 nili
1428 3744 1465 3788 ea
1480 3745 1537 3807 po·

541 3823 706 3906 tiffimum,
731 3847 802 3911 quae
817 3831 854 3892 ad
871 3829 1056 3912 Legationes
1075 3830 1286 3913 pertinebant,
1307 3848 1473 3913 excerpere
1487 3832 1540 3895 de»

540 3933 624 4004 buit,
653 3933 810 4018 plerasque
830 3934 1044 4019 praetermisit,
1078 3955 1172 4000 unam
1190 3940 1285 4001 modo
1303 3935 1337 4003 bt
1356 3938 1484 4003 niteram
1498 3958 1540 4001 ex

541 4040 809 4124 ceterisselegit,
842 4041 876 4107 dt
897 4042 1080 4129 suum0illod
1099 4031 1145 4105 ’ὅτι
1172 4061 1230 4126 pro
1250 4065 1338 4108 more
1364 4045 1541 4129 praepofflit.
1566 4088 1571 4099 ι

541 4144 704 4211 Sententia
713 4167 784 4230 qute
800 4149 861 4212 boc
873 4150 945 4213 vers
962 4166 1008 4213 ιο.
1021 4151 1208 4221 continetur,
1217 4152 1248 4215 in
1261 4132 1454 4215 connexione
1466 4171 1540 4214 cum

541 4250 767 4334 superioribus,
794 4260 868 4338 qud
886 4256 1083 4337 praetermilse
1102 4259 1138 4320 eb
1155 4260 1361 4343 epitomatore
1383 4258 1467 4338 sunt,
1489 4259 1540 4322 hie
1680 4283 1683 4288 ·

543 4358 645 4423 verbis
660 4376 804 4443 putamus
817 4383 839 4425 e
851 4360 981 4445 Polybio
994 4360 1198 4428 efferebatur:
1220 4366 1272 4430 rori
1285 4365 1317 4428 si
1330 4366 1389 4428 τῶν
1402 4361 1539 4448 Ἀχαιῶν

539 4451 650 4538 itvave
666 4461 731 4532 &n
773 4467 945 4553 igiterpro
957 4489 997 4534 ee
1008 4471 1145 4553 ratione,
1171 4492 1265 4556 qoam
1282 4493 1344 4537 ner
1359 4467 1541 4557 ceteroquin

611 4600 614 4605 ·
1508 4598 1542 4644 tn
