4542 5500
710 613 774 680 540
1027 588 1394 663 xnxorxrroxrts
1733 395 1748 679 I

552 721 686 774 Ε
706 770 802 833 iidem
816 776 966 832 vocantur
979 769 1058 850 apud
1069 767 1177 852 Polyb.
1185 766 1304 833 XXIII.
1321 785 1375 843 ro,
1396 785 1443 835 rr.
1456 763 1492 832 dr
1505 787 1534 831 c
1548 780 1601 844 12,
1615 760 1717 848 5817.

664 927 667 942 .
707 875 740 942 dr
754 897 828 939 mox
842 875 903 938 hoc
916 896 982 955 cap.
1001 873 1076 936 vers.
1086 873 1146 957 seq.

553 980 626 1043 vers.
641 991 686 1045 17·
775 978 861 1065 Vers.
879 998 927 1061 η.
950 966 988 1043 ἂν
1006 973 1112 1067 γράψῃ
1134 979 1269 1044 correxit
1281 976 1428 1047 Vrsinus.
1469 978 1630 1064 corrupte
1647 974 1715 1044 dra

708 1081 827 1173 γρᾶψκρ
842 1089 941 1152 mssti.
1282 1135 1290 1154 ,

549 1196 623 1263 vers.
638 1206 677 1262 18·
770 1191 862 1279 Vers.
881 1201 928 1271 18.
950 1187 1000 1275 aa?
1023 1194 1081 1256 τῶν
1101 1185 1238 1275 ἆρχαίων
1266 1188 1437 1271 λεγομένων
1458 1187 1624 1276 Μέδων,
1645 1185 1714 1260 asra

615 1327 618 1334 ·
707 1305 740 1370 δὲ
752 1296 935 1386 προσφάτως
952 1307 987 1364 sa
1001 1302 1053 1384 τῆς
1066 1293 1290 1378 Λακεδαὶμονος
1306 1295 1556 1369 ἐκπεπτωκότων.
1578 1302 1713 1370 Primum
1745 1313 1748 1440 ρ

706 1414 831 1477 videtur
846 1404 895 1491 aa}
915 1410 955 1472 as
969 1408 1027 1472 τῶν
1041 1403 1115 1491 spx.
1133 1409 1339 1484 scribendum,
1362 1429 1424 1493 quo
1437 1410 1640 1478 commodius
1651 1409 1712 1474 sub·

706 1518 898 1600 intelligatur
912 1515 1094 1580 vocabusum
1112 1514 1239 1585 ἐλπίδες.
1271 1514 1389 1578 Deinde
1402 1535 1493 1587 vero,
1516 1516 1645 1598 quinam
1659 1512 1712 1578 sint

706 1623 739 1693 su'
753 1631 866 1687 veteres
880 1618 1010 1704 exsules,
1032 1640 1133 1686 recens
1148 1630 1218 1686 taur
1232 1620 1442 1687 Lacedoemour
1454 1620 1556 1704 desii,
1580 1641 1711 1708 quorum

707 1732 791 1816 spem
814 1743 888 1800 tunc
907 1727 1043 1798 eversam
1063 1729 1123 1801 ait,
1152 1727 1284 1793 fatemur
1303 1731 1392 1796 nobis
1415 1727 1565 1794 nonsatis
1583 1729 1710 1813 liquere.

709 1838 773 1913 Qui
792 1845 906 1901 ueteres
927 1832 1040 1917 exsules
1060 1834 1255 1915 dicebantur,
1281 1837 1331 1915 (os
1345 1829 1466 1919 ἐρχαῖοὶ
1492 1829 1646 1914 Φυγάδες,
1675 1836 1710 1898 de

708 1946 820 2030 quibus
836 1945 905 2007 vide
929 1956 1032 2006 notata
1056 1943 1093 2003 ad
1111 1940 1182 2003 XX.
1201 1957 1256 2017 12,
1270 1943 1316 2024 4.)
1339 1963 1447 2005 eorum
1468 1944 1639 2008 commoda
1651 1942 1709 2028 jan

709 2052 785 2115 olim
798 2063 956 2114 curaverat
981 2049 1020 2113 T.
1039 2048 1246 2126 Flamininus,
1278 2069 1348 2112 curn
1371 2049 1494 2130 legatus
1514 2050 1547 2114 in
1563 2041 1709 2142 Pelopon·

623 2230 625 2234 ,
706 2157 782 2223 ueso
796 2155 924 2234 adesset,
946 2157 1201 2236 quemadmodum
1215 2156 1327 2218 ibidem
1340 2156 1513 2222 docuimus.
1558 2153 1708 2232 Quare&

707 2284 790 2330 nunc
805 2265 929 2346 quidem
946 2261 979 2326 bi
998 2260 1078 2343 spem
1094 2260 1190 2340 snam,
1225 2260 1333 2345 siquid
1350 2274 1514 2345 cuperent,
1545 2265 1580 2331 in
1599 2265 1707 2330 eodem

709 2368 786 2438 Tito
799 2388 951 2454 reponere
976 2378 1149 2452 potuerant.
1193 2366 1253 2432 Sed
1275 2389 1368 2451 quum
1386 2378 1500 2434 veteres
1517 2369 1578 2434 hos
1598 2367 1708 2454 exsoles

709 2496 773 2544 non
786 2474 883 2538 solum
897 2476 929 2542 in
944 2476 1035 2541 rebus
1055 2474 1154 2540 adhuc
1170 2475 1240 2536 anni
1262 2477 1401 2557 proxime
1419 2478 1631 2558 praecedentis
1645 2475 1706 2556 (sib.

707 2581 827 2652 XXIII.
847 2598 900 2657 ιι,
915 2582 960 2662 8.)
975 2600 1068 2662 nuper
1080 2578 1241 2656 admodum
1261 2580 1300 2644 ab
1316 2579 1434 2647 Acboeis
1452 2583 1484 2645 su
1500 2583 1645 2666 patriam
1665 2602 1708 2646 rt-

700 2689 828 2777 stitutus
840 2685 976 2766 dixisset,
996 2673 1100 2750 acures
1112 2681 1314 2768 κατηγμένους
1334 2684 1374 2762 εἰς
1387 2681 1439 2773 τήν
1452 2682 1580 2769 οἰκείαν,
1600 2689 1708 2757 recenti

706 2792 859 2881 beneficio,
881 2787 1059 2877 τροσφοῖτου
1077 2786 1163 2878 ab'rqc
1185 2797 1237 2879 τῆς
1260 2792 1453 2881 εὖεργεσίαςξ
1483 2818 1592 2863 verum
1614 2799 1707 2862 etiam

706 2904 820 2971 eodem
833 2901 893 2967 hoc
907 2922 987 2965 anno
1002 2901 1069 2985 (sib.
1080 2901 1196 2968 XXIV.
1211 2921 1246 2983 4,
1262 2904 1346 2988 asq.)
1355 2903 1461 2968 Romae
1474 2907 1555 2987 apud
1571 2904 1707 2971 senatun

706 3028 771 3072 non
785 3011 823 3071 de
838 3005 942 3093 exfilio
955 3018 1118 3095 querentes
1132 3009 1304 3089 induxerit,
1325 3011 1373 3075 sed
1387 3010 1530 3075 debonis
1542 3010 1613 3096 post
1627 3011 1707 3077 redi-
1746 3004 1748 3041 ¹

707 3127 777 3179 tum
791 3116 821 3176 in
836 3116 963 3201 patriam
980 3117 1116 3178 nondum
1137 3116 1298 3181 restitutis:
1318 3112 1543 3200 quaesivimus,
1571 3118 1648 3207 quid
1667 3114 1707 3182 es·

705 3222 770 3297 set,
798 3226 881 3304 quod
900 3219 1022 3283 eosdem
1045 3241 1127 3284 nunc
1152 3243 1245 3306 nuper
1267 3222 1475 3287 Lacrdoemone
1490 3216 1595 3307 pusfhs
1614 3226 1705 3291 ditat.

707 3328 749 3399 Et
763 3329 894 3412 primum
909 3328 1030 3417 qnsdem
1046 3327 1175 3392 subierat
1188 3329 1341 3413 suspicari,
1370 3332 1523 3395 turbatum
1544 3330 1628 3395 sorte
1641 3350 1708 3395 cor·

707 3447 894 3517 ruptumque
910 3435 1047 3497 nonnihil
1062 3437 1093 3498 in
1110 3435 1210 3497 verbis
1227 3434 1286 3498 esse
1299 3450 1334 3500 nt
1348 3458 1404 3520 pro
1426 3429 1515 3501 ra'ra
1537 3436 1577 3501 db
1599 3436 1708 3523 legen·

707 3543 781 3604 dum
801 3539 836 3605 srt
854 3540 928 3603 τῶν
948 3562 991 3603 ra
1008 3533 1189 3625 προσφάτως
1205 3546 1239 3605 ἐκ
1256 3535 1537 3626 τῇςΛακεδράριονορ
1550 3546 1706 3609 surmu-

707 3640 819 3717 su‘rax‚
843 3640 1094 3731 intelligendique
1106 3647 1164 3712 fint
1177 3650 1241 3732 issi,
1269 3666 1347 3735 quos
1370 3643 1602 3724 sarerruxsrue
1625 3644 1709 3717 airas

706 3746 747 3816 rai
765 3753 823 3815 τῶν
835 3748 972 3833 Ἀχαιῶν
986 3747 1121 3832 δόγματα
1135 3757 1213 3820 dixit
1224 3777 1334 3842 cap.4‚
1351 3777 1378 3841 5.
1422 3758 1496 3823 Mox
1508 3779 1584 3823 vero
1596 3760 1708 3844 proba·

671 3922 675 3931 ,
705 3859 798 3925 bilius
812 3860 905 3923 visum
921 3861 980 3937 est,
1002 3877 1037 3925 ut
1051 3863 1265 3951 statueremus,
1291 3867 1324 3929 in
1344 3887 1380 3928 ea
1402 3878 1488 3950 parte
1508 3868 1708 3943 narrationis,

706 3985 777 4050 quae
791 3967 957 4046 intercidit,
972 3968 1138 4051 exposuisse
1161 3971 1340 4053 Polybium,
1363 3971 1486 4036 eosdem
1497 3982 1634 4037 'veteres
1651 3992 1706 4037 cx·

701 4072 801 4146 suses,
823 4091 901 4153 quos
917 4072 953 4134 ab
972 4075 1095 4140 Achaeis
1109 4076 1265 4141 restitutos
1282 4080 1447 4162 aegerrime
1460 4080 1595 4145 tulerant
1615 4078 1705 4165 Spar·

703 4179 788 4256 tani,
811 4179 1159 4264 (xxv.xxxu111.34)
1178 4204 1256 4267 quos
1279 4187 1312 4248 m
1335 4186 1440 4251 urbem
1462 4158 1707 4271 quidem'costti

648 4296 650 4302 '
704 4298 901 4366 receperant,
923 4285 971 4349 sed
984 4291 1093 4369 quibus
1108 4293 1188 4353 bona
1206 4294 1342 4356 nondum
1366 4308 1453 4357 erant
1475 4294 1632 4377 restituta,
1652 4297 1706 4359 de·

704 4392 798 4472 nique
827 4393 878 4472 qui
914 4395 1023 4473 partim
1046 4396 1084 4458 de
1110 4394 1285 4479 Spartanis,
1323 4403 1432 4483 partim
1455 4402 1549 4466 etiam
1572 4397 1704 4487 deipsis

706 4496 853 4577 Acbaeis,
874 4501 990 4582 optimc
1006 4502 1043 4563 do
1060 4501 1091 4565 se
1106 4490 1242 4583 meritis,
1269 4509 1407 4590 questum
1428 4507 1561 4574 Romam
1580 4510 1706 4593 legatos

1624 4616 1710 4681 mise·
