4542 5500
1040 605 1435 658 ΑΜΟΤΛΉΟΝΗ’
1532 577 1535 582 ¹

573 714 714 731 ..ιιι-..Ω

589 773 702 833 verto.
790 756 877 840 Verſs
894 756 925 825 6.
945 754 1181 843 βουλὸμενοι
1209 763 1395 843 στοιχοῖν
1424 759 1536 849 tiriae
1561 756 1734 845 συγκλήτου

724 864 880 953 προθέσει.
901 901 943 914 -
971 867 1033 948 ,,Ιη
1049 869 1185 934 editione
1196 870 1324 933 Plautini
1338 869 1464 952 [nempe
1476 869 1510 932 F.
1526 867 1640 945 Vrsini,
1664 891 1732 953 quae

723 975 921 1058 Antwerpiae
937 976 968 1037 in
985 972 1109 1037 officina
1124 974 1312 1039 plantiniana
1327 976 1435 1039 excusa
1451 972 1508 1056 est]
1522 977 1567 1041 est
1582 973 1730 1055 βουλομέ.

723 1106 789 1152 vove
803 1082 925 1162 τυχεῖν,
946 1081 1028 1145 unde
1041 1079 1124 1146 effici
1139 1082 1268 1146 debebat
1280 1076 1458 1164 βουλόμενοι
1472 1084 1617 1163 στοοχᾶν.
1651 1083 1731 1147 Natu

726 1208 797 1273 quae
812 1190 863 1251 bic
878 1188 940 1250 loci
953 1178 1117 1270 σύγκλητος
1133 1199 1279 1264 vocatur,
1308 1211 1345 1252 ea
1367 1189 1657 1265 ametistorum,
1681 1190 1730 1253 sed

725 1292 919 1360 Acarnanica
934 1294 1040 1369 comio,
1060 1313 1157 1376 penes
1173 1313 1264 1377 quarn
1280 1295 1394 1357 summa
1409 1315 1512 1358 rerum
1532 1305 1610 1359 erat.
1651 1294 1730 1363 Vide

725 1403 1001 1486 pag.1270‚23.“
1029 1398 1172 1481 [XXIX.
1189 1419 1225 1483 9,
1241 1397 1501 1481 6.]na1srr1vs.
1518 1431 1569 1450 -·-·
1606 1401 1730 1485 Nempe

724 1504 744 1591 ἦ
757 1500 920 1589 σύγκλητος
935 1505 1054 1571 XXIX.
1064 1523 1101 1592 9,
1114 1504 1145 1572 6.
1160 1509 1202 1571 est
1213 1517 1372 1573 conventus
1381 1508 1621 1579 Acbaeorum,in
1637 1529 1731 1592 quern

724 1634 789 1677 non
804 1614 898 1677 solum
913 1608 1055 1694 ἡβοολῆ,
1077 1616 1106 1676 id
1124 1615 1168 1679 est
1181 1614 1346 1691 senatores,
1361 1614 1411 1678 sed
1431 1635 1541 1679 omnes
1555 1614 1643 1678 cives
1658 1636 1729 1678 eou-

635 1698 642 1759 ἷ
725 1720 891 1784 veniebant
911 1721 963 1803 qui
990 1717 1177 1783 tricesimum
1206 1722 1307 1785 aetatis
1335 1741 1447 1785 annum
1476 1722 1729 1804 compleverant:

724 1846 818 1910 quem
838 1826 923 1890 usum
937 1825 1019 1890 illius
1033 1828 1176 1889 vocabuli
1191 1829 1353 1908 tetigimus
1370 1828 1402 1890 in
1422 1831 1525 1891 adnot.
1538 1827 1611 1891 XX.
1632 1846 1687 1906 ra,
1704 1848 1730 1891 r.

723 1933 853 2016 Parique
867 1932 1003 2002 ratione,
1038 1953 1076 1993 ex
1092 1934 1209 1997 Reiskii
1232 1928 1397 2010 sententia,
1424 1929 1624 2015 ἦσογολησοο
1648 1938 1729 1999 idem

724 2039 808 2118 valet
823 2059 858 2101 ac
873 2035 891 2119 ἡ
904 2037 1048 2121 ἐκκλησία
1059 2038 1255 2102 Acarnanum
1269 2040 1345 2102 vers.
1356 2058 1381 2102 1.
1396 2036 1429 2104 dt
1441 2040 1501 2102 hac
1516 2039 1629 2104 dixerit
1639 2040 1729 2124 Poly·

696 2212 699 2218 ,
719 2143 751 2209 bi
756 2153 812 2221 us‚'
823 2144 982 2227 Popillium
994 2145 1222 2208 adcomodare
1225 2141 1260 2225 sa
1273 2142 1389 2229 volurffi
1402 2148 1550 2210 voluntati
1561 2148 1728 2217 concionis,-

721 2251 809 2333 cujus
823 2252 967 2313 nimirum
983 2251 1233 2335 longeplurimus
1246 2269 1394 2316 numerus
1408 2252 1476 2316 satis
1489 2250 1726 2337 significaverat,

721 2356 805 2421 nolle
827 2357 856 2419 se
873 2355 1044 2441 praelidium
1058 2355 1250 2422 ‘Romanum
1294 2359 1335 2421 Et
1358 2381 1395 2422 ea
1412 2359 1493 2423 forte
1512 2358 1664 2424 verissima
1682 2360 1726 2425 est

720 2463 812 2545 hujus
828 2464 890 2526 loci
903 2464 1061 2529 sententia.
1104 2463 1166 2529 Sed
1182 2462 1242 2529 sve
1257 2461 1455 2529 Acarnanum
1467 2467 1642 2538 concionem,
1663 2464 1726 2529 sive

720 2566 1038 2653 Romanamsntotum
1059 2564 1114 2654 τήν
1131 2563 1299 2653 σύγκλητον
1313 2572 1636 2656 intelligas‚=perinde
1656 2577 1725 2654 βοο-

720 2669 857 2753 atisin,
879 2697 941 2740 non
953 2676 1169 2759 βουλομένους,
1189 2678 1373 2762 legendum:
1406 2676 1498 2762 pollis
1514 2681 1597 2744 enim
1614 2681 1733 2744 intelli:

643 2773 646 2778 ’
720 2804 818 2867 gere,
846 2784 965 2849 senatus
986 2786 1116 2850 Romani
1135 2784 1324 2870 propositum
1346 2784 1599 2867 voluntatemque
1620 2788 1724 2866 fuisse,

720 2901 756 2953 ut
770 2891 845 2953 nihil
861 2911 917 2974 per
935 2894 1000 2956 vim
1018 2904 1148 2977 agerent
1164 2895 1258 2977 legati
1273 2913 1344 2957 cum
1360 2892 1421 2954 illis
1440 2891 1580 2974 populis,
1602 2893 1655 2957 sed
1669 2895 1724 2958 dis·

719 2995 895 3060 simulanter
907 3019 942 3062 ac
955 2999 1066 3063 leniter
1081 3019 1137 3062 eos
1153 2997 1327 3063 traderent.
1370 2997 1429 3069 At,
1451 3009 1486 3060 ut
1499 3017 1581 3062 nunc
1595 3002 1722 3083 quidem

719 3103 775 3167 stat
795 3104 967 3181 sententia,
1004 3107 1035 3167 in
1057 3105 1176 3169 Reiskii
1202 3105 1457 3188 interpretatione
1486 3106 1722 3186 adquiescimus.

719 3208 969 3294 Commodisfima
983 3232 1058 3273 vero
1072 3232 1108 3274 aa
1127 3212 1316 3294 pulcerrima*
1327 3210 1495 3275 casauboni
1514 3210 1558 3274 est
1577 3216 1723 3275 emenda.

716 3318 762 3379 tio
781 3318 887 3398 σοχέον
900 3318 931 3379 iu
946 3317 1079 3400 στοιχεῖν
1094 3319 1252 3397 mutantia,
1275 3318 1314 3381 de
1329 3317 1417 3401 cujus
1432 3315 1588 3417 vessusu
1601 3318 1721 3383 consuli

715 3438 873 3491 merentur
886 3443 956 3506 quae
970 3425 1091 3487 monuit
1102 3423 1258 3488 Fabricius
1273 3425 1311 3487 ad
1327 3408 1585 3506 sextum-arban.
1605 3443 1634 3506 p.
1645 3439 1721 3506 255.

717 3525 828 3609 &ipse
849 3528 1044 3594 casaubonus
1064 3529 1165 3594 noster
1188 3530 1224 3594 ad
1246 3528 1393 3614 Gregorii
1415 3526 1543 3613 Nysseni
1565 3528 1721 3613 Epistolas

715 3655 745 3718 p.
759 3651 825 3716 140.
839 3636 890 3698 ubi
905 3636 984 3700 hanc
1001 3637 1082 3700 suam
1103 3637 1227 3701 adstruit
1243 3638 1508 3701 emendationem:
1537 3639 1590 3719 qui
1612 3637 1634 3700 fi
1648 3642 1722 3720 βου·

713 3734 831 3818 λὸμεοοο
851 3745 945 3808 etiam
970 3729 1165 3820 correxisset,
1199 3743 1264 3807 sere
1287 3742 1364 3806 nibil
1385 3740 1564 3806 discessurus
1582 3743 1720 3812 suisseta

712 3851 856 3913 codicum
871 3848 1028 3933 scriptura.
1070 3847 1197 3924 Quodn
1212 3851 1295 3913 enim
1309 3850 1495 3933 cogitamus,
1513 3871 1610 3936 guam
1625 3855 1718 3921 sacile

710 3975 863 4044 quamque
884 3955 993 4019 crebro
1016 3956 1142 4021 obsoni
1166 3956 1356 4020 vicinitatem
1380 3955 1716 4026 confuderintlibrarii

709 4063 832 4124 vocales
846 4085 862 4124 ο
878 4060 911 4125 dt
927 4086 970 4136 or,
993 4082 1059 4125 tum
1076 4061 1358 4137 simeminerimum
1379 4061 1482 4125 literas
1496 4085 1516 4125 ο
1529 4061 1592 4136 &r
1611 4067 1653 4130 ita
1669 4069 1714 4130 in-

706 4178 756 4234 ter
768 4169 797 4231 se
812 4164 955 4231 connedli
969 4167 1066 4230 solere
1077 4168 1112 4230 ab
1125 4168 1238 4232 eisdem
1254 4169 1400 4242 librariis,
1421 4181 1457 4232 ut
1471 4190 1504 4238 vr
1520 4167 1554 4234 dt
1573 4194 1600 4242 rc
1620 4173 1714 4257 saepe.

708 4294 838 4341 nurnero
855 4274 905 4336 vix
921 4276 1001 4338 inter
1017 4273 1046 4337 se
1062 4273 1229 4354 discernas,
1253 4274 1472 4361 intelligemus,
1491 4295 1583 4357 quam
1598 4280 1713 4360 procli·

650 4374 670 4383 ”
708 4380 758 4447 vis
771 4379 864 4447 fuerit
882 4382 1059 4463 βοολομεοοο
1080 4399 1216 4458 στοιχεον
1232 4380 1265 4444 in
1283 4382 1483 4462 βοολομενοοο
1503 4401 1611 4460 auxent
1624 4385 1710 4448 aber·

1618 4493 1710 4555 ratio.
