4542 5500
856 677 915 787 no
937 715 1223 788 nonen-xxiv.
1237 738 1268 805 4·
1496 738 1562 808 633

560 890 674 974 cupitis
689 890 859 958 damnatos.
904 890 1289 974 Confermfra‚vers.14.
1331 889 1453 959 Horum
1465 892 1563 978 igitur
1640 952 1654 1009 s

559 996 693 1061 caussam
705 1019 787 1062 nunc
805 1000 913 1063 Romae
926 996 1051 1063 Charon
1062 999 1255 1062 defendebat.
1284 997 1320 1062 Id
1337 995 1356 1060 fi
1373 1020 1434 1062 non
1449 1001 1560 1081 piacet,
1588 958 1701 1017 VM'

558 1104 640 1180 vide,
661 1126 698 1167 an
716 1099 783 1177 roric
800 1097 1032 1175 ἐκπεπτωκότας
1045 1098 1124 1168 κατα
1140 1098 1179 1167 roi
1194 1102 1252 1168 τῶν
1270 1098 1406 1185 Ἀχααῶν
1423 1097 1559 1183 δόγματα

558 1231 643 1275 nunc
658 1212 728 1274 iilos
745 1233 845 1275 novos
858 1211 977 1294 Spartae
990 1213 1077 1274 cives
1091 1213 1181 1287 dicut,
1202 1230 1333 1294 quorum
1347 1232 1477 1296 magnus
1493 1204 1562 1279 erut

555 1337 725 1422 numeros,
747 1319 799 1402 qui
814 1340 831 1382 a
844 1320 982 1400 tyrannis
1007 1318 1081 1382 olim
1097 1317 1275 1381 eservitute
1290 1319 1410 1381 libernti
1430 1316 1463 1383 ἃ
1480 1321 1557 1394 ciui.

556 1433 623 1487 tate
639 1426 746 1488 donati
757 1424 894 1500 suerunt,
916 1426 967 1508 qui
983 1446 1000 1487 n
1015 1424 1252 1507 Philopoemene
1267 1422 1299 1488 δι
1315 1425 1440 1487 Achaeis
1455 1422 1556 1491 coacti

553 1529 623 1594 sunt
641 1530 863 1595 Lacedaemone
885 1533 1053 1607 excedere,
1074 1528 1108 1596 dr
1131 1532 1162 1593 in
1188 1528 1332 1593 Achaiam
1349 1531 1450 1601 ducii,
1479 1531 1556 1597 teste

551 1636 624 1701 Liv.
637 1636 817 1705 XXXVIII.
827 1654 875 1719 34.
888 1636 922 1702 dr
931 1637 1080 1703 Plutarch.
1091 1657 1120 1721 p.
1129 1634 1199 1719 365.
1212 1656 1275 1721 quo
1285 1635 1318 1702 dr
1331 1637 1465 1721 pertinet
1473 1638 1560 1728 quod

552 1745 635 1827 opud
649 1744 757 1827 Polyb.
773 1744 889 1808 XXIII.
908 1762 961 1820 ro,
975 1758 1006 1808 ν.
1018 1743 1162 1828 legimus.
1492 1805 1512 1824 ,
1665 1737 1669 1748 ’

614 1847 692 1914 Ibin.
713 1853 744 1913 os
754 1850 823 1935 rep)
844 1848 1038 1934 Χαίρωνα.
1080 1849 1159 1917 Cum
1174 1843 1307 1935 Χαίρωνα
1325 1852 1421 1936 vuigo
1435 1852 1554 1939 legere·
1578 1877 1582 1882 ·

550 1964 622 2034 tur,
647 1972 808 2022 monuerat
825 1958 889 2040 jam
915 1958 1072 2035 Reiskios,
1101 1959 1197 2022 videri
1221 1959 1302 2023 hunc
1321 1962 1464 2022 eumdem
1483 1957 1554 2035 effe,

552 2064 607 2146 qui
620 2055 742 2144 Χαίρων
759 2066 934 2127 nominatur
948 2065 979 2127 in
992 2064 1138 2149 Excerpe
1151 2062 1251 2131 Voles.
1265 2054 1371 2143 (no'bis
1387 2062 1552 2141 Iib.XXV.

548 2190 617 2253 cap.
627 2172 673 2247 8.)
694 2167 807 2233 Reste:
831 2190 912 2241 nam,
937 2190 1008 2234 cum
1023 2170 1063 2234 ibi
1076 2172 1156 2235 dicut
1171 2171 1332 2253 Ponqus,
1353 2164 1496 2255 Χαίρωνα
1515 2168 1550 2233 il·

514 2324 519 2334 .
548 2278 615 2340 lum
635 2297 714 2338 anno
738 2276 885 2359 superiori
902 2278 1030 2344 Romam
1049 2275 1132 2341 irisi'e
1153 2278 1307 2363 legatum
1337 2275 1476 2354 videmus
1496 2274 1549 2340 lib.

547 2386 621 2446 eod.
635 2400 745 2467 cupa,
760 2399 789 2464 4.
804 2384 858 2445 illo
872 2402 968 2459 anno,
987 2384 1026 2446 de
1040 2403 1103 2467 quo
1117 2385 1235 2467 egitur,
1256 2373 1381 2467 χαίρανα
1394 2384 1550 2466 eumdem,

548 2492 603 2574 qui
617 2491 667 2554 hic
687 2505 963 2565 commemoratur,
993 2490 1093 2553 rursus
1117 2490 1397 2555 nanedaemoniin
1417 2491 1547 2569 Romam

547 2595 679 2661 missum.
721 2596 782 2661 Sed
804 2598 1051 2679 quandoquidem
1072 2594 1132 2660 h.I.
1155 2594 1335 2662 Bavnricum
1353 2596 1495 2661 codicem
1514 2595 1548 2657 in

546 2704 724 2788 scrIpturrm
746 2697 887 2788 Χαίρωνα
902 2725 972 2772 cnm
986 2703 1094 2768 codice
1111 2702 1300 2770 Peiresciano
1318 2685 1459 2797 §ostrida
1474 2720 1546 2766 con·

546 2811 728 2874 sentientem
743 2811 908 2886 habemus,
929 2832 991 2874 non
1010 2795 1139 2875 dubitari
1155 2812 1261 2886 debet,
1291 2830 1397 2874 verum
1413 2807 1546 2895 essehoc

544 2918 682 2980 hominis
696 2938 827 2980 nomon:
851 2916 883 2981 dr
899 2918 988 2980 suciie
1003 2916 1200 2996 intellIgirur,
1231 2917 1302 2998 quid
1316 2915 1474 2980 librarium
1494 2914 1546 2977 de·

545 3026 680 3108 ceperit,
702 3038 736 3088 ut
748 3025 779 3087 in
793 3016 924 3106 Χαίρωνα
936 3023 1141 3103 aberraverit,
1158 3023 1242 3106 quud
1253 3024 1281 3087 ei
1296 3022 1473 3086 suniiliorius
1490 3040 1547 3086 no·

546 3153 619 3196 men
634 3141 711 3196 erat.

600 3237 679 3302 loir.
706 3231 756 3321 καί
776 3230 830 3320 τήν
850 3229 1002 3302 πολιτείαν
1023 3228 1313 3319 deonorum-irim
1333 3224 1472 3316 τοιαύτην
1486 3238 1541 3314 ⁸5⁸2

545 3343 756 3422 Cusnnhmrns,
788 3345 863 3407 nihil
886 3347 923 3406 de
942 3345 1047 3407 Iacuno
1071 3343 1253 3425 suspicatus,
1280 3365 1351 3408 cum
1373 3341 1541 3406 version'em

520 3451 655 3515 ·Irorum
677 3453 841 3515 verborum
860 3452 989 3534 adjicere
1011 3446 1086 3512 esset
1114 3448 1250 3524 oblitus,
1283 3451 1315 3512 in
1340 3449 1541 3531 corrigendis

543 3559 682 3633 monuit,
704 3557 875 3638 adjiciendo
887 3558 1001 3626 uerbo,
1024 3551 1062 3620 ἓν
1076 3565 1110 3618 ut
1124 3552 1285 3637 respublica
1297 3556 1332 3619 r'rr
1337 3558 1472 3639 priorem
1476 3554 1541 3642 jin·

542 3673 610 3728 rum
626 3664 839 3751 restitueretur.
881 3662 962 3738 Quae
983 3660 1005 3724 fi
1024 3661 1170 3725 sententia
1190 3663 1287 3744 potest
1305 3662 1423 3746 graecis'
1439 3661 1541 3728 verbis
1619 3746 1624 3755 .
1672 3718 1676 3724 .
1720 3708 1723 3713 ·

541 3769 655 3845 inesse,
677 3772 876 3854 intelligenda
891 3792 930 3832 ex
945 3770 1081 3852 superori
1096 3767 1183 3831 versu
1198 3767 1249 3830 iila
1263 3771 1355 3831 verbu
1369 3768 1493 3845 fuerim,
1505 3759 1543 3852 ἢν

540 3875 671 3959 ἔχοντές
683 3877 837 3943 condor.
881 3875 942 3940 Sed
963 3877 993 3940 id
1011 3877 1134 3967 quidem
1156 3875 1262 3941 durius
1281 3875 1418 3940 uidetur:
1441 3875 1541 3941 &not
1627 3956 1630 3960 .

540 3986 637 4051 verbo
648 3985 793 4049 nonnulla
806 3986 837 4047 In
851 4005 919 4046 eam
934 3997 986 4047 out
1004 3984 1036 4044 in
1051 3976 1176 4043 similem
1197 3980 1376 4047 sententium
1400 3983 1542 4046 videntur

540 4091 631 4156 suiss'e
643 4091 829 4173 adjiciendo,
859 4102 911 4153 aut
930 4111 986 4172 pro
1000 4079 1139 4169 ταναίτην
1162 4085 1351 4151 scribendum
1371 4081 1425 4172 τήν
1439 4081 1542 4173 αιάᾖν,

541 4199 592 4262 vel
609 4193 663 4280 τήν
682 4190 818 4281 τροίην,
845 4217 914 4279 quoe
937 4194 1088 4259 Gronovii
1111 4193 1213 4258 suerat
1233 4192 1376 4277 suspicio,
1398 4215 1494 4279 quum
1509 4196 1542 4258 In

540 4325 599 4368 ora
613 4304 656 4368 sui
670 4307 803 4391 exempli
817 4285 1006 4388 significauit.
1049 4298 1195 4363 Ceterum
1208 4297 1232 4363 sr
1250 4300 1339 4383 pinne
1353 4299 1465 4366 abesset
1481 4321 1541 4365 vox

540 4404 692 4496 τααίνηα
712 4433 777 4475 non
789 4412 953 4475 admodum
968 4408 1198 4480 desideraretur,
1218 4426 1276 4469 nec
1292 4407 1352 4472 ulia
1366 4408 1484 4472 locuuae
1497 4407 1540 4471 su-

537 4521 637 4605 spIcio
648 4519 738 4583 suciie
757 4516 831 4582 ess'er
850 4518 1010 4591 obortura,
1039 4515 1131 4578 verbu
1150 4511 1204 4578 Ista
1217 4506 1267 4595 orori
1281 4507 1335 4597 edo
1355 4514 1454 4578 πολιν.
1468 4506 1541 4577 uiro·

528 4647 669 4693 -αατααα
684 4625 923 4708 interpretendo,
943 4618 981 4688 ἕν’
995 4629 1028 4687 ut
1034 4618 1092 4705 jos
1106 4619 1240 4689 crottam
1254 4619 1314 4684 iliis
1326 4618 1541 4706 restitueretur.

1102 4726 1185 4808 Ll3
1479 4725 1541 4791 Sed
1614 4720 1619 4736 ’
