4542 5500
594 661 598 670 .
724 614 1238 683 roin-nonenoxx.1243.
1374 614 1494 683 1421

526 791 550 836 u
565 770 619 852 est,
632 768 665 835 dt
677 771 802 835 demum
815 790 897 835 anno
914 767 985 851 565.
1000 771 1126 835 decreto
1144 771 1175 834 in
1190 770 1324 836 concilio
1337 772 1497 838 communi
1522 720 1655 886 ἰῇ

526 878 691 941 ehaeorum
706 874 787 941 Iasio
803 877 931 942 restituti
945 878 977 941 in
992 878 1099 941 urbem
1111 877 1230 942 exsules
1244 878 1312 943 sunt
1331 891 1497 963 apraetote

526 986 693 1048 mineorum
710 985 959 1068 Philopoemene,
980 984 1138 1049 utLIviuu
1150 986 1244 1049 docet
1256 956 1437 1053 XXXVIII.
1447 1001 1497 1070 34

526 1113 565 1155 un
580 1093 674 1155 iidem
687 1092 720 1155 hi
732 1090 857 1156 exsules*
870 1090 1193 1167 Lacedaemoniorum,
1222 1114 1240 1155 a
1257 1092 1497 1176 Philopoemene

526 1220 533 1261 ι
550 1200 678 1281 patriam
691 1198 833 1274 restituti,
854 1199 964 1262 diserte
983 1218 1001 1260 a
1016 1198 1148 1282 Polybio
1162 1199 1193 1261 ol
1208 1192 1329 1281 uipquor
1351 1192 1496 1281 φυγάδες,

526 1305 599 1380 lest,
619 1314 733 1369 veteres
748 1300 872 1386 exsules,
895 1305 1109 1373 vocmtorlib.
1121 1303 1239 1371 XXIII.
1256 1325 1309 1385 ιι,
1322 1326 1353 1386 7.
1374 1304 1496 1375 XXIV.
1522 1333 1526 1339 ·

529 1457 540 1490 ,
559 1432 585 1475 ι.
599 1410 631 1474 dt
644 1410 749 1480 XXV.
768 1432 799 1488 1,
816 1431 862 1477 ιο.
905 1412 1009 1487 Quare
1029 1413 1148 1478 nullum
1170 1409 1295 1478 dubium
1313 1412 1375 1477 esse
1396 1414 1498 1492 debet,

526 1520 576 1582 uio
596 1518 628 1581 de
648 1518 751 1583 nostro
769 1518 934 1599 hocloco,
965 1540 1022 1602 pro
1041 1520 1099 1584 τῶν
1112 1511 1255 1599 Φυγέδων
1270 1520 1328 1583 τῶν
1342 1514 1498 1601 Ἀχαιῶν,

526 1628 586 1690 uod
605 1627 700 1706 vulgo
723 1625 983 1692 consentientibus
1006 1627 1112 1697 msstis
1134 1627 1317 1712 legebatur,
1343 1627 1403 1690 τῶν
1422 1631 1498 1705 φηγ.

526 1733 560 1795 iu
573 1726 704 1815 u’pxeinu
721 1734 813 1796 suerit
825 1733 1025 1799 scribendum.
1068 1732 1159 1798 Ratio
1174 1736 1309 1798 nominis
1323 1735 1393 1799 satis
1411 1734 1499 1800 intel·

526 1842 625 1924 gitur,
645 1860 707 1908 non
729 1839 825 1903 solum
846 1852 881 1903 ut
895 1842 932 1905 ab
947 1839 1015 1903 eliis
1034 1843 1181 1923 nuperius
1202 1844 1235 1905 iu
1256 1839 1394 1907 exsilium
1406 1839 1497 1925 pulfiu
1563 1855 1567 1860 '
1614 1890 1618 1899 .

526 1946 778 2029 istinguerentur,
805 1945 899 2023 (vide
919 1944 1041 2011 XXIV.
1058 1961 1125 2028 Μ
1147 1947 1181 2013 dt
1203 1950 1252 2029 5.)
1272 1969 1378 2017 verum
1402 1947 1497 2011 etiam
1621 1933 1624 1938 ¹

526 2056 647 2119 uoniam
669 2074 775 2117 reuera
788 2053 1009 2137 jamdiuerut
1030 2074 1069 2118 ex
1089 2074 1152 2141 quo
1168 2058 1200 2119 In
1222 2054 1357 2119 exsilium
1376 2053 1498 2118 suerent

526 2159 593 2237 ulfi,
615 2171 649 2224 ut
664 2162 757 2224 docet
769 2160 917 2243 Polybius
931 2158 1003 2222 loco
1017 2159 1106 2243 supra
1115 2161 1229 2241 tituto,
1258 2160 1346 2226 XIII.
1361 2158 1397 2237 6,
1415 2178 1443 2241 3.
1463 2160 1497 2223 in

526 2270 594 2342 ebus
609 2270 679 2334 anni
696 2283 766 2350 550.
786 2265 819 2330 dx
838 2266 945 2340 Livius
966 2263 1115 2334 XXXIV.
1130 2287 1181 2350 ης
1200 2271 1253 2335 ubi
1273 2270 1333 2334 nit:
1359 2263 1498 2350 Ipsorum

526 2394 616 2460 uoque
628 2374 917 2438 lacedemoniorum
933 2370 1047 2456 exsules
1059 2377 1203 2456 permulti
1211 2421 1221 2456 ‚
1240 2385 1440 2458 tyrannorum
1453 2373 1499 2446 in,-

526 2484 585 2547 rria
595 2482 684 2567 prist,
695 2478 750 2563 spe
764 2478 972 2562 recuperanda
988 2483 1102 2562 patria
1116 2484 1148 2545 in
1167 2461 1265 2570 eastra
1281 2480 1420 2546 Romana
1432 2499 1498 2544 con·

526 2599 654 2653 merant.
696 2589 903 2651 Multiautem
917 2595 1022 2659 erant,
1044 2585 1177 2672 iamper
1189 2590 1302 2674 aliquot
1315 2597 1437 2664 celotes,
1459 2603 1500 2650 en

526 2718 560 2761 uo
576 2695 701 2777 tyranni
714 2691 851 2758 tenebant
864 2692 1122 2777 Lacedaemonem,
1144 2696 1198 2761 olii
1211 2695 1252 2763 od
1265 2696 1337 2761 aliis
1347 2693 1422 2781 pulsi
1435 2691 1498 2759 &n

527 2805 610 2868 atius
624 2804 693 2866 haec
708 2800 741 2866 δι
756 2803 948 2866 enucleatIue
961 2822 1116 2884 exponere
1129 2803 1333 2886 placuiteeum
1346 2815 1382 2866 ut
1396 2820 1499 2866 emen·

526 2911 633 2975 ttionis
647 2908 757 2972 nostrae
772 2907 965 2972 firmaremus
980 2911 1151 2985 veritatem,
1159 2921 1226 2973 tum
1238 2919 1273 2973 ut
1286 2907 1408 2975 Livium
1426 2927 1499 2971 cum

526 3017 633 3100 olybio
647 3015 892 3090 conciliaremus,
914 3013 947 3079 dt
959 3016 1088 3079 alterum
1101 3037 1139 3080 ex
1153 3016 1250 3079 altero
1262 3013 1499 3085 inamoenum
1573 3062 1580 3069 .

526 3127 636 3207 eanue
658 3124 739 3204 quod
759 3123 923 3186 commoda
945 3123 1004 3185 viso
1025 3122 1094 3186 haec
1117 3119 1265 3208 expositio
1288 3120 1331 3185 est
1351 3122 1388 3185 ad
1412 3119 1500 3202 plum

527 3232 629 3313 onbii
645 3229 731 3303 loca,
754 3229 864 3310 quibus
879 3229 989 3293 deinde
1003 3227 1037 3296 ἃ
1050 3229 1162 3293 horum
1182 3229 1361 3292 eorumdem
1376 3222 1410 3291 δι
1424 3224 1498 3288 elio·

526 3359 569 3402 un
586 3336 722 3399 exsulum
735 3335 1042 3400 Lacedaemoniorum
1052 3334 1090 3401 fit
1101 3337 1230 3409 mentio,
1252 3333 1371 3418 planius
1385 3329 1499 3397 intelli·

526 3447 613 3509 enda.
657 3442 777 3531 Eodem
792 3462 914 3514 errore,
936 3443 989 3525 qui
1002 3443 1063 3506 hoc
1076 3444 1148 3506 Ioco
1161 3440 1286 3507 codices
1301 3439 1421 3505 nostros
1433 3436 1499 3500 soe·

526 3565 644 3620 exerat,
666 3550 734 3612 libri
749 3569 858 3622 omnes
870 3543 994 3630 Ἀχαιοὶ
1005 3568 1062 3634 pto
1077 3544 1199 3632 ἀρχαῖοι
1214 3549 1324 3612 dabant
1333 3543 1417 3609 XIII.
1429 3559 1498 3624 Μ.

526 3679 537 3726 t
551 3655 679 3723 vitilstm
691 3654 811 3720 XXIII
829 3675 885 3734 11,
900 3662 931 3733 8.
943 3677 1001 3740 pro
1020 3651 1160 3738 Ἀχαιοὶ,
1190 3650 1312 3740 ἀρχαῖοι
1325 3653 1410 3719 dedit
1422 3650 1499 3716 Bau.

801 3861 1021 3931 cnev‘r
1076 3863 1187 3930 x111.
1504 3914 1655 3982 effi

567 3988 654 4077 Vers.
671 4012 696 4058 ι.
724 3987 815 4056 Karai
841 3985 909 4064 rode
928 3985 1035 4063 adrolo
1054 3985 1174 4075 xurpode
1190 3987 1252 4056 dte.
1294 3988 1369 4061 Vid.
1390 3986 1500 4055 Lirim
1524 4000 1634 4063 vernn.

526 4100 656 4167 XXVI.
671 4117 720 4179 35.
735 4099 889 4164 &confer
903 4100 1136 4181 notataadcap.
1153 4117 1200 4176 12,
1217 4117 1244 4163 1.
1645 4130 1652 4149 ι

567 4205 649 4288 Vers.
666 4225 692 4287 3.
716 4200 767 4268 edu
779 4206 836 4284 μὲν
859 4200 941 4269 aliu
968 4198 1135 4289 Δημήτριον
1149 4200 1293 4272 ainshun.
1318 4190 1427 4270 Livius
1440 4202 1498 4270 Ic.
1521 4216 1593 4279 ναί
1608 4229 1636 4290 3,

526 4315 575 4379 lon
591 4309 757 4395 responsum
770 4311 868 4395 solum
889 4312 1013 4395 benigne
1032 4314 1144 4396 legatis
1157 4314 1216 4400 ests
1240 4307 1298 4396 sed
1321 4309 1500 4395 Philippi

526 4441 618 4506 unque
632 4417 752 4500 silius
772 4418 964 4496 Dmmrns,
985 4422 1038 4504 qui
1050 4416 1131 4501 obses
1151 4418 1359 4495 Romanor,
1379 4419 1423 4483 ad
1442 4437 1498 4500 pa-

526 4547 580 4594 ·em
595 4524 778 4592 reducendus
791 4528 904 4611 legatis
915 4526 1008 4594 uatus
1023 4529 1073 4616 est.
1122 4526 1283 4609 notemur,
1306 4526 1428 4591 defendi
1451 4534 1499 4589 ut·

620 4636 628 4655 ¹
1081 4630 1139 4699 Dd
1161 4650 1179 4718 3
1419 4648 1504 4696 cnm·
1616 4653 1624 4667 ·
