4542 5500
879 639 937 687 ao
960 637 1116 687 eonrn·
1137 641 1243 692 xxiv.
1265 640 1296 708 4.
1514 640 1577 710 535

577 790 620 855 rii
639 790 739 855 suerat
757 787 904 873 suspicio,
926 791 980 874 qui
1003 792 1145 856 adoram
1166 793 1210 859 sui
1230 795 1299 859 libri
1312 794 1343 859 b.
1352 794 1374 860 1.
1397 796 1570 862 adnotavitr
1598 774 1736 898 VH

573 895 681 982 „Deest
698 896 843 979 Appius.“
861 925 906 943 ·-
948 896 1041 963 Deest
1055 910 1159 964 antem
1171 901 1256 965 tertii
1273 903 1368 985 legati
1383 922 1496 967 nomen
1509 924 1572 966 non

574 1009 671 1070 modo
687 1007 717 1066 in
732 1005 877 1068 Bavarico
892 1004 1017 1081 codice,
1041 1006 1094 1088 qul
1107 1008 1151 1070 nil
1171 1007 1253 1072 aliud
1272 1006 1325 1071 nisr
1340 1008 1447 1085 Τῖτος,
1465 1005 1572 1075 Kuel-
1622 991 1628 1004 ⁸

574 1115 655 1183 λιυς,
678 1112 785 1185 habet;
808 1112 1025 1174 verumetiam
1046 1112 1078 1174 in
1092 1113 1236 1197 ambigua
1250 1126 1341 1197 atque
1362 1117 1452 1179 dubia
1471 1114 1573 1182 Vrsini

573 1217 725 1283 leitione:
747 1237 817 1278 nam
836 1212 899 1280 five
917 1214 1051 1290 Kobrrrc
1072 1219 1157 1284 dedit
1179 1223 1279 1284 codex
1298 1221 1381 1304 ejus,
1409 1221 1501 1286 fuerit
1519 1222 1572 1285 hio

580 1321 794 1407 Ίῖρυὲυᾶἱυυς
816 1321 879 1385 five
893 1314 1034 1398 Ko'r'broa,
1057 1327 1152 1390 suerit
1163 1324 1295 1410 Quintus
1310 1324 1454 1394 cecilius.
1495 1327 1571 1394 Pau·

573 1433 669 1502 sanias
687 1429 755 1495 Vll.
769 1447 799 1512 9.
820 1450 850 1514 p.
860 1431 987 1515 544seq.
1019 1432 1058 1495 de
1081 1435 1191 1497 eadem
1213 1454 1264 1511 re,
1291 1453 1362 1517 qute
1381 1434 1432 1498 hic
1453 1436 1572 1517 agitur,

573 1541 720 1622 loquens,
741 1537 838 1599 solum
857 1537 992 1620 Appium
1012 1536 1171 1605 Claudium
1192 1539 1348 1617 nominat,
1376 1562 1468 1625 aquo
1481 1542 1569 1606 litem

571 1647 735 1709 diremtum
751 1644 811 1708 ait:
832 1642 881 1707 sed
895 1647 925 1706 in
939 1647 999 1708 hoc
1012 1647 1133 1728 prorsus
1147 1646 1271 1710 discedit
1292 1668 1309 1709 a
1323 1647 1470 1731 Polybio,
1500 1647 1568 1727 (cu-

568 1754 621 1836 jus
637 1750 727 1835 ipsrus
744 1750 850 1826 rerba,
873 1764 908 1813 ut
919 1752 1054 1828 videtur,
1079 1772 1240 1837 perperam
1254 1754 1398 1835 accepit)
1418 1755 1501 1836 quod
1516 1754 1569 1830 ait,

571 1860 634 1940 Ap.
648 1857 819 1931 Claudium,
841 1877 913 1920 cum
928 1857 974 1920 eis
990 1859 1087 1938 quiin
1103 1859 1251 1942 superiori
1263 1859 1420 1942 legatione
1435 1861 1569 1924 comites

572 1969 641 2049 ejus
655 1964 792 2036 fuerant,
815 1962 915 2025 rursus
932 1964 963 2026 in
988 1962 1142 2028 Graeciam
1163 1965 1249 2029 luisse
1271 1988 1288 2028 a
1309 1966 1411 2028 senatu
1428 1966 1569 2029 Romano

570 2070 690 2136 missum
706 2071 743 2133 ad
757 2070 829 2132 lites
844 2070 1149 2134 Lacedaemoniorum
1164 2070 1415 2154 Achaeorumque
1431 2070 1570 2153 judicen-

570 2181 635 2242 das.
676 2177 777 2239 Immo
791 2194 882 2249 vero,
903 2185 967 2239 tres
986 2177 1058 2240 illos
1073 2178 1158 2240 viros
1172 2197 1235 2241 non
1253 2180 1283 2241 in
1299 2176 1453 2242 Graeciam
1465 2175 1569 2240 miffon

571 2283 721 2365 Polybius
735 2282 825 2356 dicit;
846 2281 894 2344 sed
910 2302 949 2343 ex
970 2286 1113 2346 mandato
1130 2283 1252 2347 senatus
1273 2283 1382 2346 Rornae
1397 2303 1502 2347 coram
1517 2281 1568 2344 hin

570 2388 755 2452 emuleatins
769 2388 943 2472 disceptatae
957 2391 1024 2455 sunt
1036 2389 1222 2472 questiones
1237 2390 1453 2466 controversae,
1471 2387 1504 2454 dr
1516 2388 1569 2454 hia

569 2498 703 2580 denique
716 2496 835 2559 arbitria
849 2495 883 2561 dt
896 2496 1146 2561 conciliatoribus
1159 2493 1337 2579 compofitae
1352 2496 1432 2560 lites.
1458 2495 1567 2561 Novus

567 2607 690 2687 legatus
706 2604 736 2667 in
752 2600 902 2667 Graeciam
918 2625 981 2666 non
996 2602 1059 2684 Ap.
1074 2601 1230 2672 Claudius,
1246 2601 1294 2665 sed
1308 2601 1346 2686 Q.
1360 2604 1500 2667 Marcius
1512 2621 1566 2665 no·
1642 2679 1645 2692 Ι

567 2712 702 2775 minatus
723 2710 776 2774 est.
810 2711 883 2775 vide
903 2711 1053 2795 boc‘cap.
1076 2709 1122 2774 vs>
1135 2705 1185 2774 16.
1206 2706 1239 2775 dr
1258 2729 1284 2772 c.
1300 2706 1337 2786 6,
1357 2729 1384 2775 r.
1404 2709 1438 2776 dr
1459 2709 1566 2776 Livius

567 2817 716 2882 XXXIX.
729 2823 780 2897 48.

636 2919 719 3008 Vers.
732 2930 762 2999 8.
788 2917 840 3001 ἐφ’
854 2912 895 2994 οἷς
908 2916 1074 3001 γευομένων
1084 2914 1181 2997 liuor
1188 2906 1339 2986 rlerirui.
1360 2915 1413 3001 ἐφ’
1425 2911 1568 3003 ariopoli
1591 2895 1662 2956 Μ
1676 2902 1694 2961 ⁸

564 3051 659 3115 quos,
681 3051 783 3095 coram
796 3031 921 3116 quibus,
942 3030 1051 3116 quibus
1061 3029 1202 3094 arbitris.
1246 3027 1391 3092 Vfitatiua
1404 3029 1477 3092 aliis
1492 3047 1564 3092 cum

564 3139 704 3221 genitivo
725 3138 793 3201 casu
815 3138 1000 3202 construitur
1016 3138 1048 3199 in
1070 3136 1124 3200 ista
1146 3135 1275 3199 notione
1299 3131 1475 3220 praeposuio
1497 3131 1563 3210 cal,
1625 3220 1630 3236 .

564 3247 824 3326 quemadmodum
839 3266 867 3308 v.
882 3266 909 3309 c.
922 3244 1081 3308 Pausaniae
1095 3244 1128 3306 in
1143 3244 1252 3305 eadem
1264 3261 1297 3304 re
1311 3257 1419 3324 p.745.
1433 3241 1494 3318 rit,
1514 3231 1565 3320 arni

563 3343 659 3424 λόγων
670 3349 824 3437 ῥηθέντων
839 3346 895 3416 riri
911 3345 1094 3434 υἷμφυτίρυις
1109 3348 1161 3413 ἐπὶ
1173 3349 1225 3431 ripe
1237 3348 1363 3431 βουλῆς,
1390 3341 1564 3429 nptdsmd·

564 3468 649 3543 tm,
670 3454 898 3543 curumserratu.
940 3458 1002 3523 Sed
1023 3467 1083 3521 nec
1099 3457 1241 3540 exempla
1261 3456 1368 3519 desunt
1383 3453 1474 3538 hujus
1491 3450 1565 3518 stru-

561 3563 660 3629 iturae
678 3586 748 3628 cum
764 3567 857 3630 tertio
872 3565 955 3643 casu,
977 3567 1016 3629 de
1032 3585 1093 3648 que
1106 3564 1240 3628 diximus
1256 3565 1293 3627 ad
1308 3562 1364 3626 111.
1380 3577 1436 3635 22,
1452 3564 1482 3635 8.
1509 3556 1562 3624 sic

561 3672 614 3736 ἐπὶ
630 3665 777 3755 μάρτυσι,
803 3692 906 3736 coram
927 3671 1063 3755 testibus,
1097 3672 1178 3753 apud
1196 3669 1328 3751 Appian.
1347 3667 1386 3732 T.
1400 3665 1424 3731 Ι.
1444 3680 1563 3748 p2191,

561 3795 614 3860 45.
628 3779 662 3846 δι
681 3779 768 3844 T.l1.
784 3794 972 3862 p.411,97.
992 3777 1025 3843 dt
1039 3776 1121 3863 496,
1137 3792 1189 3857 υς.
1210 3775 1321 3839 nostrae
1343 3772 1499 3838 editionis.
1518 3804 1564 3821 -·

559 3885 641 3951 ibid.
659 3887 729 3969 trapi
745 3883 918 3960 reinduere.
941 3886 1010 3969 rapi
1024 3877 1135 3950 teritur
1148 3878 1247 3961 mian
1261 3885 1334 3945 Bar.

626 3990 709 4075 Verſs
723 4010 754 4076 9.
782 3989 823 4063 eie
837 3986 981 4064 inrinrovc
1004 3983 1159 4069 (pernitiae,
1191 3991 1224 4054 in
1246 4006 1390 4073 quemque
1411 3984 1479 4068 (vel
1505 4005 1564 4070 pro

1592 3971 1663 4034 vrrs.
1674 3986 1700 4040 9.

557 4101 689 4185 quoque)
703 4120 743 4164 rx
757 4096 916 4184 exsulibus.
958 4099 1038 4163 Cum
1055 4100 1085 4161 in
1101 4108 1250 4162 contextu
1267 4093 1396 4161 Vrsinus
1407 4091 1447 4157 fic
1460 4092 1565 4157 edidis
1676 4158 1679 4165 ,

557 4211 604 4273 set
619 4208 717 4288 (quod
733 4206 765 4271 dt
782 4210 878 4273 ceteri
894 4220 1022 4270 tenuere
1037 4203 1190 4282 editores)
1204 4193 1243 4274 eie
1257 4207 1275 4248 *
1290 4223 1326 4266 re
1340 4194 1398 4286 *trip
1417 4192 1565 4281 φυγάδας,

557 4314 597 4376 ed
610 4334 695 4376 oram
710 4317 830 4379 notavit
844 4308 929 4391 roric,
951 4316 1034 4397 quod
1049 4333 1112 4396 quo
1128 4310 1259 4374 relatum
1277 4309 1411 4375 voluerit
1426 4308 1508 4371 haud
1524 4305 1566 4369 sa·

556 4421 601 4484 tis
622 4422 759 4501 adparet.
801 4422 881 4485 Illud
902 4443 940 4485 ex
963 4421 1054 4482 Notis
1075 4419 1142 4501 eius
1164 4417 1389 4497 intelligimus,
1420 4415 1563 4480 codicem
1673 4442 1678 4457 ι

552 4525 648 4612 ipsius
661 4547 733 4592 cum
746 4527 898 4594 Bavarico
912 4529 943 4594 in
957 4505 998 4601 ἔς
1012 4550 1048 4592 ra
1060 4519 1119 4612 urio
1132 4518 1199 4597 ruit
1214 4516 1355 4602 duellae
1373 4517 1564 4702 consenglle.

1144 4634 1189 4700 l..
1211 4648 1232 4713 4
1525 4645 1563 4688 uo
